family,ym,sales,onpromotion,days_in_month,onpromotion_per_day,ym_dt,year,month,lag_1,lag_12,ma_3,ma_6,ma_12
AUTOMOTIVE,2013-02,7220.0,0,28,0.0,2013-02-01,2013,2,6557.0,,6888.5,6888.5,6888.5
AUTOMOTIVE,2013-03,7635.0,0,31,0.0,2013-03-01,2013,3,7220.0,,7137.333333333333,7137.333333333333,7137.333333333333
AUTOMOTIVE,2013-04,7485.0,0,30,0.0,2013-04-01,2013,4,7635.0,,7446.666666666667,7224.25,7224.25
AUTOMOTIVE,2013-05,9034.0,0,31,0.0,2013-05-01,2013,5,7485.0,,8051.333333333333,7586.2,7586.2
AUTOMOTIVE,2013-06,8311.0,0,30,0.0,2013-06-01,2013,6,9034.0,,8276.666666666666,7707.0,7707.0
AUTOMOTIVE,2013-07,8508.0,0,31,0.0,2013-07-01,2013,7,8311.0,,8617.666666666666,8032.166666666667,7821.428571428572
AUTOMOTIVE,2013-08,8164.0,0,31,0.0,2013-08-01,2013,8,8508.0,,8327.666666666666,8189.5,7864.25
AUTOMOTIVE,2013-09,7029.0,0,30,0.0,2013-09-01,2013,9,8164.0,,7900.333333333333,8088.5,7771.444444444444
AUTOMOTIVE,2013-10,6803.0,0,31,0.0,2013-10-01,2013,10,7029.0,,7332.0,7974.833333333333,7674.6
AUTOMOTIVE,2013-11,7166.0,0,30,0.0,2013-11-01,2013,11,6803.0,,6999.333333333333,7663.5,7628.363636363636
AUTOMOTIVE,2013-12,8411.0,0,31,0.0,2013-12-01,2013,12,7166.0,,7460.0,7680.166666666667,7693.583333333333
AUTOMOTIVE,2014-01,8491.0,0,31,0.0,2014-01-01,2014,1,8411.0,6557.0,8022.666666666667,7677.333333333333,7854.75
AUTOMOTIVE,2014-02,7563.0,0,28,0.0,2014-02-01,2014,2,8491.0,7220.0,8155.0,7577.166666666667,7883.333333333333
AUTOMOTIVE,2014-03,10115.0,0,31,0.0,2014-03-01,2014,3,7563.0,7635.0,8723.0,8091.5,8090.0
AUTOMOTIVE,2014-04,8426.0,0,30,0.0,2014-04-01,2014,4,10115.0,7485.0,8701.333333333334,8362.0,8168.416666666667
AUTOMOTIVE,2014-05,8075.0,2,31,0.06451612903225806,2014-05-01,2014,5,8426.0,9034.0,8872.0,8513.5,8088.5
AUTOMOTIVE,2014-06,8230.0,53,30,1.7666666666666666,2014-06-01,2014,6,8075.0,8311.0,8243.666666666666,8483.333333333334,8081.75
AUTOMOTIVE,2014-07,9481.0,37,31,1.1935483870967742,2014-07-01,2014,7,8230.0,8508.0,8595.333333333334,8648.333333333334,8162.833333333333
AUTOMOTIVE,2014-08,9309.0,3,31,0.0967741935483871,2014-08-01,2014,8,9481.0,8164.0,9006.666666666666,8939.333333333334,8258.25
AUTOMOTIVE,2014-09,9229.0,6,30,0.2,2014-09-01,2014,9,9309.0,7029.0,9339.666666666666,8791.666666666666,8441.583333333334
AUTOMOTIVE,2014-10,9933.0,122,31,3.935483870967742,2014-10-01,2014,10,9229.0,6803.0,9490.333333333334,9042.833333333334,8702.416666666666
AUTOMOTIVE,2014-11,9452.0,69,30,2.3,2014-11-01,2014,11,9933.0,7166.0,9538.0,9272.333333333334,8892.916666666666
AUTOMOTIVE,2014-12,10709.0,132,31,4.258064516129032,2014-12-01,2014,12,9452.0,8411.0,10031.333333333334,9685.5,9084.416666666666
AUTOMOTIVE,2015-01,9103.0,36,31,1.1612903225806452,2015-01-01,2015,1,10709.0,8491.0,9754.666666666666,9622.5,9135.416666666666
AUTOMOTIVE,2015-02,9194.0,1,28,0.03571428571428571,2015-02-01,2015,2,9103.0,7563.0,9668.666666666666,9603.333333333334,9271.333333333334
AUTOMOTIVE,2015-03,11554.0,165,31,5.32258064516129,2015-03-01,2015,3,9194.0,10115.0,9950.333333333334,9990.833333333334,9391.25
AUTOMOTIVE,2015-04,9047.0,25,30,0.8333333333333334,2015-04-01,2015,4,11554.0,8426.0,9931.666666666666,9843.166666666666,9443.0
AUTOMOTIVE,2015-05,9329.0,18,31,0.5806451612903226,2015-05-01,2015,5,9047.0,8075.0,9976.666666666666,9822.666666666666,9547.5
AUTOMOTIVE,2015-06,9783.0,15,30,0.5,2015-06-01,2015,6,9329.0,8230.0,9386.333333333334,9668.333333333334,9676.916666666666
AUTOMOTIVE,2015-07,10555.0,10,31,0.3225806451612903,2015-07-01,2015,7,9783.0,9481.0,9889.0,9910.333333333334,9766.416666666666
AUTOMOTIVE,2015-08,11156.0,13,31,0.41935483870967744,2015-08-01,2015,8,10555.0,9309.0,10498.0,10237.333333333334,9920.333333333334
AUTOMOTIVE,2015-09,9699.0,16,30,0.5333333333333333,2015-09-01,2015,9,11156.0,9229.0,10470.0,9928.166666666666,9959.5
AUTOMOTIVE,2015-10,13483.0,25,31,0.8064516129032258,2015-10-01,2015,10,9699.0,9933.0,11446.0,10667.5,10255.333333333334
AUTOMOTIVE,2015-11,11777.0,61,30,2.033333333333333,2015-11-01,2015,11,13483.0,9452.0,11653.0,11075.5,10449.083333333334
AUTOMOTIVE,2015-12,12667.0,6,31,0.1935483870967742,2015-12-01,2015,12,11777.0,10709.0,12642.333333333334,11556.166666666666,10612.25
AUTOMOTIVE,2016-01,12119.0,24,31,0.7741935483870968,2016-01-01,2016,1,12667.0,9103.0,12187.666666666666,11816.833333333334,10863.583333333334
AUTOMOTIVE,2016-02,12185.0,4,29,0.13793103448275862,2016-02-01,2016,2,12119.0,9194.0,12323.666666666666,11988.333333333334,11112.833333333334
AUTOMOTIVE,2016-03,12058.0,12,31,0.3870967741935484,2016-03-01,2016,3,12185.0,11554.0,12120.666666666666,12381.5,11154.833333333334
AUTOMOTIVE,2016-04,11631.0,19,30,0.6333333333333333,2016-04-01,2016,4,12058.0,9047.0,11958.0,12072.833333333334,11370.166666666666
AUTOMOTIVE,2016-05,11839.0,285,31,9.193548387096774,2016-05-01,2016,5,11631.0,9329.0,11842.666666666666,12083.166666666666,11579.333333333334
AUTOMOTIVE,2016-06,9936.0,563,30,18.766666666666666,2016-06-01,2016,6,11839.0,9783.0,11135.333333333334,11628.0,11592.083333333334
AUTOMOTIVE,2016-07,11549.0,296,31,9.548387096774194,2016-07-01,2016,7,9936.0,10555.0,11108.0,11533.0,11674.916666666666
AUTOMOTIVE,2016-08,10792.0,8,31,0.25806451612903225,2016-08-01,2016,8,11549.0,11156.0,10759.0,11300.833333333334,11644.583333333334
AUTOMOTIVE,2016-09,9058.0,3,30,0.1,2016-09-01,2016,9,10792.0,9699.0,10466.333333333334,10800.833333333334,11591.166666666666
AUTOMOTIVE,2016-10,10728.0,48,31,1.5483870967741935,2016-10-01,2016,10,9058.0,13483.0,10192.666666666666,10650.333333333334,11361.583333333334
AUTOMOTIVE,2016-11,10778.0,143,30,4.766666666666667,2016-11-01,2016,11,10728.0,11777.0,10188.0,10473.5,11278.333333333334
AUTOMOTIVE,2016-12,12442.0,208,31,6.709677419354839,2016-12-01,2016,12,10778.0,12667.0,11316.0,10891.166666666666,11259.583333333334
AUTOMOTIVE,2017-01,11134.0,209,31,6.741935483870968,2017-01-01,2017,1,12442.0,12119.0,11451.333333333334,10822.0,11177.5
AUTOMOTIVE,2017-02,11936.0,535,28,19.107142857142858,2017-02-01,2017,2,11134.0,12185.0,11837.333333333334,11012.666666666666,11156.75
BABY CARE,2013-02,0.0,0,28,0.0,2013-02-01,2013,2,0.0,,0.0,0.0,0.0
BABY CARE,2013-03,0.0,0,31,0.0,2013-03-01,2013,3,0.0,,0.0,0.0,0.0
BABY CARE,2013-04,0.0,0,30,0.0,2013-04-01,2013,4,0.0,,0.0,0.0,0.0
BABY CARE,2013-05,0.0,0,31,0.0,2013-05-01,2013,5,0.0,,0.0,0.0,0.0
BABY CARE,2013-06,0.0,0,30,0.0,2013-06-01,2013,6,0.0,,0.0,0.0,0.0
BABY CARE,2013-07,0.0,0,31,0.0,2013-07-01,2013,7,0.0,,0.0,0.0,0.0
BABY CARE,2013-08,0.0,0,31,0.0,2013-08-01,2013,8,0.0,,0.0,0.0,0.0
BABY CARE,2013-09,0.0,0,30,0.0,2013-09-01,2013,9,0.0,,0.0,0.0,0.0
BABY CARE,2013-10,0.0,0,31,0.0,2013-10-01,2013,10,0.0,,0.0,0.0,0.0
BABY CARE,2013-11,0.0,0,30,0.0,2013-11-01,2013,11,0.0,,0.0,0.0,0.0
BABY CARE,2013-12,0.0,0,31,0.0,2013-12-01,2013,12,0.0,,0.0,0.0,0.0
BABY CARE,2014-01,0.0,0,31,0.0,2014-01-01,2014,1,0.0,0.0,0.0,0.0,0.0
BABY CARE,2014-02,0.0,0,28,0.0,2014-02-01,2014,2,0.0,0.0,0.0,0.0,0.0
BABY CARE,2014-03,72.0,0,31,0.0,2014-03-01,2014,3,0.0,0.0,24.0,12.0,6.0
BABY CARE,2014-04,0.0,0,30,0.0,2014-04-01,2014,4,72.0,0.0,24.0,12.0,6.0
BABY CARE,2014-05,0.0,0,31,0.0,2014-05-01,2014,5,0.0,0.0,24.0,12.0,6.0
BABY CARE,2014-06,0.0,0,30,0.0,2014-06-01,2014,6,0.0,0.0,0.0,12.0,6.0
BABY CARE,2014-07,163.0,0,31,0.0,2014-07-01,2014,7,0.0,0.0,54.333333333333336,39.166666666666664,19.583333333333332
BABY CARE,2014-08,0.0,0,31,0.0,2014-08-01,2014,8,163.0,0.0,54.333333333333336,39.166666666666664,19.583333333333332
BABY CARE,2014-09,160.0,0,30,0.0,2014-09-01,2014,9,0.0,0.0,107.66666666666667,53.833333333333336,32.916666666666664
BABY CARE,2014-10,50.0,0,31,0.0,2014-10-01,2014,10,160.0,0.0,70.0,62.166666666666664,37.083333333333336
BABY CARE,2014-11,5.0,0,30,0.0,2014-11-01,2014,11,50.0,0.0,71.66666666666667,63.0,37.5
BABY CARE,2014-12,169.0,0,31,0.0,2014-12-01,2014,12,5.0,0.0,74.66666666666667,91.16666666666667,51.583333333333336
BABY CARE,2015-01,0.0,0,31,0.0,2015-01-01,2015,1,169.0,0.0,58.0,64.0,51.583333333333336
BABY CARE,2015-02,0.0,0,28,0.0,2015-02-01,2015,2,0.0,0.0,56.333333333333336,64.0,51.583333333333336
BABY CARE,2015-03,0.0,0,31,0.0,2015-03-01,2015,3,0.0,72.0,0.0,37.333333333333336,45.583333333333336
BABY CARE,2015-04,0.0,0,30,0.0,2015-04-01,2015,4,0.0,0.0,0.0,29.0,45.583333333333336
BABY CARE,2015-05,0.0,0,31,0.0,2015-05-01,2015,5,0.0,0.0,0.0,28.166666666666668,45.583333333333336
BABY CARE,2015-06,207.0,0,30,0.0,2015-06-01,2015,6,0.0,0.0,69.0,34.5,62.833333333333336
BABY CARE,2015-07,301.0,0,31,0.0,2015-07-01,2015,7,207.0,163.0,169.33333333333334,84.66666666666667,74.33333333333333
BABY CARE,2015-08,417.0,0,31,0.0,2015-08-01,2015,8,301.0,0.0,308.3333333333333,154.16666666666666,109.08333333333333
BABY CARE,2015-09,359.0,1,30,0.03333333333333333,2015-09-01,2015,9,417.0,160.0,359.0,214.0,125.66666666666667
BABY CARE,2015-10,62.0,0,31,0.0,2015-10-01,2015,10,359.0,50.0,279.3333333333333,224.33333333333334,126.66666666666667
BABY CARE,2015-11,4.0,0,30,0.0,2015-11-01,2015,11,62.0,5.0,141.66666666666666,225.0,126.58333333333333
BABY CARE,2015-12,179.0,0,31,0.0,2015-12-01,2015,12,4.0,169.0,81.66666666666667,220.33333333333334,127.41666666666667
BABY CARE,2016-01,311.0,1,31,0.03225806451612903,2016-01-01,2016,1,179.0,0.0,164.66666666666666,222.0,153.33333333333334
BABY CARE,2016-02,418.0,1,29,0.034482758620689655,2016-02-01,2016,2,311.0,0.0,302.6666666666667,222.16666666666666,188.16666666666666
BABY CARE,2016-03,442.0,1,31,0.03225806451612903,2016-03-01,2016,3,418.0,0.0,390.3333333333333,236.0,225.0
BABY CARE,2016-04,365.0,1,30,0.03333333333333333,2016-04-01,2016,4,442.0,0.0,408.3333333333333,286.5,255.41666666666666
BABY CARE,2016-05,455.0,17,31,0.5483870967741935,2016-05-01,2016,5,365.0,0.0,420.6666666666667,361.6666666666667,293.3333333333333
BABY CARE,2016-06,436.0,0,30,0.0,2016-06-01,2016,6,455.0,207.0,418.6666666666667,404.5,312.4166666666667
BABY CARE,2016-07,381.0,0,31,0.0,2016-07-01,2016,7,436.0,301.0,424.0,416.1666666666667,319.0833333333333
BABY CARE,2016-08,457.0,2,31,0.06451612903225806,2016-08-01,2016,8,381.0,417.0,424.6666666666667,422.6666666666667,322.4166666666667
BABY CARE,2016-09,488.0,1,30,0.03333333333333333,2016-09-01,2016,9,457.0,359.0,442.0,430.3333333333333,333.1666666666667
BABY CARE,2016-10,476.0,21,31,0.6774193548387096,2016-10-01,2016,10,488.0,62.0,473.6666666666667,448.8333333333333,367.6666666666667
BABY CARE,2016-11,452.0,0,30,0.0,2016-11-01,2016,11,476.0,4.0,472.0,448.3333333333333,405.0
BABY CARE,2016-12,485.0,0,31,0.0,2016-12-01,2016,12,452.0,179.0,471.0,456.5,430.5
BABY CARE,2017-01,488.0,3,31,0.0967741935483871,2017-01-01,2017,1,485.0,311.0,475.0,474.3333333333333,445.25
BABY CARE,2017-02,441.0,1,28,0.03571428571428571,2017-02-01,2017,2,488.0,418.0,471.3333333333333,471.6666666666667,447.1666666666667
BEAUTY,2013-02,3747.0,0,28,0.0,2013-02-01,2013,2,4019.0,,3883.0,3883.0,3883.0
BEAUTY,2013-03,3901.0,0,31,0.0,2013-03-01,2013,3,3747.0,,3889.0,3889.0,3889.0
BEAUTY,2013-04,3670.0,0,30,0.0,2013-04-01,2013,4,3901.0,,3772.6666666666665,3834.25,3834.25
BEAUTY,2013-05,3716.0,0,31,0.0,2013-05-01,2013,5,3670.0,,3762.3333333333335,3810.6,3810.6
BEAUTY,2013-06,3842.0,0,30,0.0,2013-06-01,2013,6,3716.0,,3742.6666666666665,3815.8333333333335,3815.8333333333335
BEAUTY,2013-07,4780.0,0,31,0.0,2013-07-01,2013,7,3842.0,,4112.666666666667,3942.6666666666665,3953.5714285714284
BEAUTY,2013-08,4720.0,0,31,0.0,2013-08-01,2013,8,4780.0,,4447.333333333333,4104.833333333333,4049.375
BEAUTY,2013-09,3607.0,0,30,0.0,2013-09-01,2013,9,4720.0,,4369.0,4055.8333333333335,4000.222222222222
BEAUTY,2013-10,3753.0,0,31,0.0,2013-10-01,2013,10,3607.0,,4026.6666666666665,4069.6666666666665,3975.5
BEAUTY,2013-11,3446.0,0,30,0.0,2013-11-01,2013,11,3753.0,,3602.0,4024.6666666666665,3927.3636363636365
BEAUTY,2013-12,4171.0,0,31,0.0,2013-12-01,2013,12,3446.0,,3790.0,4079.5,3947.6666666666665
BEAUTY,2014-01,4133.0,0,31,0.0,2014-01-01,2014,1,4171.0,4019.0,3916.6666666666665,3971.6666666666665,3957.1666666666665
BEAUTY,2014-02,3578.0,0,28,0.0,2014-02-01,2014,2,4133.0,3747.0,3960.6666666666665,3781.3333333333335,3943.0833333333335
BEAUTY,2014-03,5166.0,0,31,0.0,2014-03-01,2014,3,3578.0,3901.0,4292.333333333333,4041.1666666666665,4048.5
BEAUTY,2014-04,3879.0,0,30,0.0,2014-04-01,2014,4,5166.0,3670.0,4207.666666666667,4062.1666666666665,4065.9166666666665
BEAUTY,2014-05,3622.0,1,31,0.03225806451612903,2014-05-01,2014,5,3879.0,3716.0,4222.333333333333,4091.5,4058.0833333333335
BEAUTY,2014-06,3545.0,7,30,0.23333333333333334,2014-06-01,2014,6,3622.0,3842.0,3682.0,3987.1666666666665,4033.3333333333335
BEAUTY,2014-07,4996.0,1,31,0.03225806451612903,2014-07-01,2014,7,3545.0,4780.0,4054.3333333333335,4131.0,4051.3333333333335
BEAUTY,2014-08,4975.0,2,31,0.06451612903225806,2014-08-01,2014,8,4996.0,4720.0,4505.333333333333,4363.833333333333,4072.5833333333335
BEAUTY,2014-09,4990.0,3,30,0.1,2014-09-01,2014,9,4975.0,3607.0,4987.0,4334.5,4187.833333333333
BEAUTY,2014-10,5041.0,2,31,0.06451612903225806,2014-10-01,2014,10,4990.0,3753.0,5002.0,4528.166666666667,4295.166666666667
BEAUTY,2014-11,5222.0,1,30,0.03333333333333333,2014-11-01,2014,11,5041.0,3446.0,5084.333333333333,4794.833333333333,4443.166666666667
BEAUTY,2014-12,6460.0,0,31,0.0,2014-12-01,2014,12,5222.0,4171.0,5574.333333333333,5280.666666666667,4633.916666666667
BEAUTY,2015-01,4160.0,42,31,1.3548387096774193,2015-01-01,2015,1,6460.0,4133.0,5280.666666666667,5141.333333333333,4636.166666666667
BEAUTY,2015-02,4377.0,272,28,9.714285714285714,2015-02-01,2015,2,4160.0,3578.0,4999.0,5041.666666666667,4702.75
BEAUTY,2015-03,4249.0,2,31,0.06451612903225806,2015-03-01,2015,3,4377.0,5166.0,4262.0,4918.166666666667,4626.333333333333
BEAUTY,2015-04,3998.0,7,30,0.23333333333333334,2015-04-01,2015,4,4249.0,3879.0,4208.0,4744.333333333333,4636.25
BEAUTY,2015-05,5042.0,6,31,0.1935483870967742,2015-05-01,2015,5,3998.0,3622.0,4429.666666666667,4714.333333333333,4754.583333333333
BEAUTY,2015-06,5680.0,307,30,10.233333333333333,2015-06-01,2015,6,5042.0,3545.0,4906.666666666667,4584.333333333333,4932.5
BEAUTY,2015-07,4905.0,13,31,0.41935483870967744,2015-07-01,2015,7,5680.0,4996.0,5209.0,4708.5,4924.916666666667
BEAUTY,2015-08,6416.0,7,31,0.22580645161290322,2015-08-01,2015,8,4905.0,4975.0,5667.0,5048.333333333333,5045.0
BEAUTY,2015-09,6338.0,32,30,1.0666666666666667,2015-09-01,2015,9,6416.0,4990.0,5886.333333333333,5396.5,5157.333333333333
BEAUTY,2015-10,7410.0,133,31,4.290322580645161,2015-10-01,2015,10,6338.0,5041.0,6721.333333333333,5965.166666666667,5354.75
BEAUTY,2015-11,7884.0,189,30,6.3,2015-11-01,2015,11,7410.0,5222.0,7210.666666666667,6438.833333333333,5576.583333333333
BEAUTY,2015-12,8266.0,279,31,9.0,2015-12-01,2015,12,7884.0,6460.0,7853.333333333333,6869.833333333333,5727.083333333333
BEAUTY,2016-01,7020.0,242,31,7.806451612903226,2016-01-01,2016,1,8266.0,4160.0,7723.333333333333,7222.333333333333,5965.416666666667
BEAUTY,2016-02,6702.0,1,29,0.034482758620689655,2016-02-01,2016,2,7020.0,4377.0,7329.333333333333,7270.0,6159.166666666667
BEAUTY,2016-03,7133.0,4,31,0.12903225806451613,2016-03-01,2016,3,6702.0,4249.0,6951.666666666667,7402.5,6399.5
BEAUTY,2016-04,8293.0,17,30,0.5666666666666667,2016-04-01,2016,4,7133.0,3998.0,7376.0,7549.666666666667,6757.416666666667
BEAUTY,2016-05,7460.0,378,31,12.193548387096774,2016-05-01,2016,5,8293.0,5042.0,7628.666666666667,7479.0,6958.916666666667
BEAUTY,2016-06,7232.0,523,30,17.433333333333334,2016-06-01,2016,6,7460.0,5680.0,7661.666666666667,7306.666666666667,7088.25
BEAUTY,2016-07,9043.0,1056,31,34.064516129032256,2016-07-01,2016,7,7232.0,4905.0,7911.666666666667,7643.833333333333,7433.083333333333
BEAUTY,2016-08,8774.0,259,31,8.35483870967742,2016-08-01,2016,8,9043.0,6416.0,8349.666666666666,7989.166666666667,7629.583333333333
BEAUTY,2016-09,8284.0,70,30,2.3333333333333335,2016-09-01,2016,9,8774.0,6338.0,8700.333333333334,8181.0,7791.75
BEAUTY,2016-10,9634.0,150,31,4.838709677419355,2016-10-01,2016,10,8284.0,7410.0,8897.333333333334,8404.5,7977.083333333333
BEAUTY,2016-11,10307.0,873,30,29.1,2016-11-01,2016,11,9634.0,7884.0,9408.333333333334,8879.0,8179.0
BEAUTY,2016-12,9596.0,637,31,20.548387096774192,2016-12-01,2016,12,10307.0,8266.0,9845.666666666666,9273.0,8289.833333333334
BEAUTY,2017-01,10272.0,1219,31,39.32258064516129,2017-01-01,2017,1,9596.0,7020.0,10058.333333333334,9477.833333333334,8560.833333333334
BEAUTY,2017-02,8118.0,970,28,34.642857142857146,2017-02-01,2017,2,10272.0,6702.0,9328.666666666666,9368.5,8678.833333333334
BEVERAGES,2013-02,1508254.0,0,28,0.0,2013-02-01,2013,2,1670653.0,,1589453.5,1589453.5,1589453.5
BEVERAGES,2013-03,1822220.0,0,31,0.0,2013-03-01,2013,3,1508254.0,,1667042.3333333333,1667042.3333333333,1667042.3333333333
BEVERAGES,2013-04,1743121.0,0,30,0.0,2013-04-01,2013,4,1822220.0,,1691198.3333333333,1686062.0,1686062.0
BEVERAGES,2013-05,1824123.0,0,31,0.0,2013-05-01,2013,5,1743121.0,,1796488.0,1713674.2,1713674.2
BEVERAGES,2013-06,1829106.0,0,30,0.0,2013-06-01,2013,6,1824123.0,,1798783.3333333333,1732912.8333333333,1732912.8333333333
BEVERAGES,2013-07,1664465.0,0,31,0.0,2013-07-01,2013,7,1829106.0,,1772564.6666666667,1731881.5,1723134.5714285714
BEVERAGES,2013-08,1810927.0,0,31,0.0,2013-08-01,2013,8,1664465.0,,1768166.0,1782327.0,1734108.625
BEVERAGES,2013-09,1908153.0,0,30,0.0,2013-09-01,2013,9,1810927.0,,1794515.0,1796649.1666666667,1753446.888888889
BEVERAGES,2013-10,1855355.0,0,31,0.0,2013-10-01,2013,10,1908153.0,,1858145.0,1815354.8333333333,1763637.7
BEVERAGES,2013-11,1895439.0,0,30,0.0,2013-11-01,2013,11,1855355.0,,1886315.6666666667,1827240.8333333333,1775619.6363636365
BEVERAGES,2013-12,2246064.0,0,31,0.0,2013-12-01,2013,12,1895439.0,,1998952.6666666667,1896733.8333333333,1814823.3333333333
BEVERAGES,2014-01,4145798.0,0,31,0.0,2014-01-01,2014,1,2246064.0,1670653.0,2762433.6666666665,2310289.3333333335,2021085.4166666667
BEVERAGES,2014-02,1916753.0,0,28,0.0,2014-02-01,2014,2,4145798.0,1508254.0,2769538.3333333335,2327927.0,2055127.0
BEVERAGES,2014-03,4430194.0,0,31,0.0,2014-03-01,2014,3,1916753.0,1822220.0,3497581.6666666665,2748267.1666666665,2272458.1666666665
BEVERAGES,2014-04,2113125.0,39,30,1.3,2014-04-01,2014,4,4430194.0,1743121.0,2820024.0,2791228.8333333335,2303291.8333333335
BEVERAGES,2014-05,2081778.0,474,31,15.290322580645162,2014-05-01,2014,5,2113125.0,1824123.0,2875032.3333333335,2822285.3333333335,2324763.0833333335
BEVERAGES,2014-06,2100878.0,1114,30,37.13333333333333,2014-06-01,2014,6,2081778.0,1829106.0,2098593.6666666665,2798087.6666666665,2347410.75
BEVERAGES,2014-07,4175817.0,2650,31,85.48387096774194,2014-07-01,2014,7,2100878.0,1664465.0,2786157.6666666665,2803090.8333333335,2556690.0833333335
BEVERAGES,2014-08,2109229.0,1466,31,47.29032258064516,2014-08-01,2014,8,4175817.0,1810927.0,2795308.0,2835170.1666666665,2581548.5833333335
BEVERAGES,2014-09,4304900.0,2972,30,99.06666666666666,2014-09-01,2014,9,2109229.0,1908153.0,3529982.0,2814287.8333333335,2781277.5
BEVERAGES,2014-10,4370286.0,2924,31,94.3225806451613,2014-10-01,2014,10,4304900.0,1855355.0,3594805.0,3190481.3333333335,2990855.0833333335
BEVERAGES,2014-11,4449114.0,3391,30,113.03333333333333,2014-11-01,2014,11,4370286.0,1895439.0,4374766.666666667,3585037.3333333335,3203661.3333333335
BEVERAGES,2014-12,4852560.0,6468,31,208.6451612903226,2014-12-01,2014,12,4449114.0,2246064.0,4557320.0,4043651.0,3420869.3333333335
BEVERAGES,2015-01,2397121.0,1686,31,54.38709677419355,2015-01-01,2015,1,4852560.0,4145798.0,3899598.3333333335,3747201.6666666665,3275146.25
BEVERAGES,2015-02,2169912.0,1239,28,44.25,2015-02-01,2015,2,2397121.0,1916753.0,3139864.3333333335,3757315.5,3296242.8333333335
BEVERAGES,2015-03,2320034.0,871,31,28.096774193548388,2015-03-01,2015,3,2169912.0,4430194.0,2295689.0,3426504.5,3120396.1666666665
BEVERAGES,2015-04,2307147.0,1941,30,64.7,2015-04-01,2015,4,2320034.0,2113125.0,2265697.6666666665,3082648.0,3136564.6666666665
BEVERAGES,2015-05,3534100.0,2834,31,91.41935483870968,2015-05-01,2015,5,2307147.0,2081778.0,2720427.0,2930145.6666666665,3257591.5
BEVERAGES,2015-06,4767226.0,5412,30,180.4,2015-06-01,2015,6,3534100.0,2100878.0,3536157.6666666665,2915923.3333333335,3479787.1666666665
BEVERAGES,2015-07,4719130.0,10031,31,323.5806451612903,2015-07-01,2015,7,4767226.0,4175817.0,4340152.0,3302924.8333333335,3525063.25
BEVERAGES,2015-08,4935188.0,8228,31,265.4193548387097,2015-08-01,2015,8,4719130.0,2109229.0,4807181.333333333,3763804.1666666665,3760559.8333333335
BEVERAGES,2015-09,5497255.0,17367,30,578.9,2015-09-01,2015,9,4935188.0,4304900.0,5050524.333333333,4293341.0,3859922.75
BEVERAGES,2015-10,5307322.0,10870,31,350.64516129032256,2015-10-01,2015,10,5497255.0,4370286.0,5246588.333333333,4793370.166666667,3938009.0833333335
BEVERAGES,2015-11,4994499.0,17851,30,595.0333333333333,2015-11-01,2015,11,5307322.0,4449114.0,5266358.666666667,5036770.0,3983457.8333333335
BEVERAGES,2015-12,5476961.0,17189,31,554.483870967742,2015-12-01,2015,12,4994499.0,4852560.0,5259594.0,5155059.166666667,4035491.25
BEVERAGES,2016-01,5307788.0,6032,31,194.58064516129033,2016-01-01,2016,1,5476961.0,2397121.0,5259749.333333333,5253168.833333333,4278046.833333333
BEVERAGES,2016-02,4730609.0,28098,29,968.8965517241379,2016-02-01,2016,2,5307788.0,2169912.0,5171786.0,5219072.333333333,4491438.25
BEVERAGES,2016-03,4967615.0,22072,31,712.0,2016-03-01,2016,3,4730609.0,2320034.0,5002004.0,5130799.0,4712070.0
BEVERAGES,2016-04,5694504.0,32605,30,1086.8333333333333,2016-04-01,2016,4,4967615.0,2307147.0,5130909.333333333,5195329.333333333,4994349.75
BEVERAGES,2016-05,5198351.0,47443,31,1530.4193548387098,2016-05-01,2016,5,5694504.0,3534100.0,5286823.333333333,5229304.666666667,5133037.333333333
BEVERAGES,2016-06,4463076.0,29267,30,975.5666666666667,2016-06-01,2016,6,5198351.0,4767226.0,5118643.666666667,5060323.833333333,5107691.5
BEVERAGES,2016-07,4837784.0,18497,31,596.6774193548387,2016-07-01,2016,7,4463076.0,4719130.0,4833070.333333333,4981989.833333333,5117579.333333333
BEVERAGES,2016-08,4864024.0,44013,31,1419.774193548387,2016-08-01,2016,8,4837784.0,4935188.0,4721628.0,5004225.666666667,5111649.0
BEVERAGES,2016-09,4827054.0,38122,30,1270.7333333333333,2016-09-01,2016,9,4864024.0,5497255.0,4842954.0,4980798.833333333,5055798.916666667
BEVERAGES,2016-10,5161401.0,35552,31,1146.8387096774193,2016-10-01,2016,10,4827054.0,5307322.0,4950826.333333333,4891948.333333333,5043638.833333333
BEVERAGES,2016-11,5628678.0,77189,30,2572.9666666666667,2016-11-01,2016,11,5161401.0,4994499.0,5205711.0,4963669.5,5096487.083333333
BEVERAGES,2016-12,6066803.0,98183,31,3167.1935483870966,2016-12-01,2016,12,5628678.0,5476961.0,5618960.666666667,5230957.333333333,5145640.583333333
BEVERAGES,2017-01,6150083.0,58556,31,1888.9032258064517,2017-01-01,2017,1,6066803.0,5307788.0,5948521.333333333,5449673.833333333,5215831.833333333
BEVERAGES,2017-02,5088308.0,26435,28,944.1071428571429,2017-02-01,2017,2,6150083.0,4730609.0,5768398.0,5487054.5,5245640.083333333
BOOKS,2013-02,0.0,0,28,0.0,2013-02-01,2013,2,0.0,,0.0,0.0,0.0
BOOKS,2013-03,0.0,0,31,0.0,2013-03-01,2013,3,0.0,,0.0,0.0,0.0
BOOKS,2013-04,0.0,0,30,0.0,2013-04-01,2013,4,0.0,,0.0,0.0,0.0
BOOKS,2013-05,0.0,0,31,0.0,2013-05-01,2013,5,0.0,,0.0,0.0,0.0
BOOKS,2013-06,0.0,0,30,0.0,2013-06-01,2013,6,0.0,,0.0,0.0,0.0
BOOKS,2013-07,0.0,0,31,0.0,2013-07-01,2013,7,0.0,,0.0,0.0,0.0
BOOKS,2013-08,0.0,0,31,0.0,2013-08-01,2013,8,0.0,,0.0,0.0,0.0
BOOKS,2013-09,0.0,0,30,0.0,2013-09-01,2013,9,0.0,,0.0,0.0,0.0
BOOKS,2013-10,0.0,0,31,0.0,2013-10-01,2013,10,0.0,,0.0,0.0,0.0
BOOKS,2013-11,0.0,0,30,0.0,2013-11-01,2013,11,0.0,,0.0,0.0,0.0
BOOKS,2013-12,0.0,0,31,0.0,2013-12-01,2013,12,0.0,,0.0,0.0,0.0
BOOKS,2014-01,0.0,0,31,0.0,2014-01-01,2014,1,0.0,0.0,0.0,0.0,0.0
BOOKS,2014-02,0.0,0,28,0.0,2014-02-01,2014,2,0.0,0.0,0.0,0.0,0.0
BOOKS,2014-03,0.0,0,31,0.0,2014-03-01,2014,3,0.0,0.0,0.0,0.0,0.0
BOOKS,2014-04,0.0,0,30,0.0,2014-04-01,2014,4,0.0,0.0,0.0,0.0,0.0
BOOKS,2014-05,0.0,0,31,0.0,2014-05-01,2014,5,0.0,0.0,0.0,0.0,0.0
BOOKS,2014-06,0.0,0,30,0.0,2014-06-01,2014,6,0.0,0.0,0.0,0.0,0.0
BOOKS,2014-07,0.0,0,31,0.0,2014-07-01,2014,7,0.0,0.0,0.0,0.0,0.0
BOOKS,2014-08,0.0,0,31,0.0,2014-08-01,2014,8,0.0,0.0,0.0,0.0,0.0
BOOKS,2014-09,0.0,0,30,0.0,2014-09-01,2014,9,0.0,0.0,0.0,0.0,0.0
BOOKS,2014-10,0.0,0,31,0.0,2014-10-01,2014,10,0.0,0.0,0.0,0.0,0.0
BOOKS,2014-11,0.0,0,30,0.0,2014-11-01,2014,11,0.0,0.0,0.0,0.0,0.0
BOOKS,2014-12,0.0,0,31,0.0,2014-12-01,2014,12,0.0,0.0,0.0,0.0,0.0
BOOKS,2015-01,0.0,0,31,0.0,2015-01-01,2015,1,0.0,0.0,0.0,0.0,0.0
BOOKS,2015-02,0.0,0,28,0.0,2015-02-01,2015,2,0.0,0.0,0.0,0.0,0.0
BOOKS,2015-03,0.0,0,31,0.0,2015-03-01,2015,3,0.0,0.0,0.0,0.0,0.0
BOOKS,2015-04,0.0,0,30,0.0,2015-04-01,2015,4,0.0,0.0,0.0,0.0,0.0
BOOKS,2015-05,0.0,0,31,0.0,2015-05-01,2015,5,0.0,0.0,0.0,0.0,0.0
BOOKS,2015-06,0.0,0,30,0.0,2015-06-01,2015,6,0.0,0.0,0.0,0.0,0.0
BOOKS,2015-07,0.0,0,31,0.0,2015-07-01,2015,7,0.0,0.0,0.0,0.0,0.0
BOOKS,2015-08,0.0,0,31,0.0,2015-08-01,2015,8,0.0,0.0,0.0,0.0,0.0
BOOKS,2015-09,0.0,0,30,0.0,2015-09-01,2015,9,0.0,0.0,0.0,0.0,0.0
BOOKS,2015-10,0.0,0,31,0.0,2015-10-01,2015,10,0.0,0.0,0.0,0.0,0.0
BOOKS,2015-11,0.0,0,30,0.0,2015-11-01,2015,11,0.0,0.0,0.0,0.0,0.0
BOOKS,2015-12,0.0,0,31,0.0,2015-12-01,2015,12,0.0,0.0,0.0,0.0,0.0
BOOKS,2016-01,0.0,0,31,0.0,2016-01-01,2016,1,0.0,0.0,0.0,0.0,0.0
BOOKS,2016-02,0.0,0,29,0.0,2016-02-01,2016,2,0.0,0.0,0.0,0.0,0.0
BOOKS,2016-03,0.0,0,31,0.0,2016-03-01,2016,3,0.0,0.0,0.0,0.0,0.0
BOOKS,2016-04,0.0,0,30,0.0,2016-04-01,2016,4,0.0,0.0,0.0,0.0,0.0
BOOKS,2016-05,0.0,0,31,0.0,2016-05-01,2016,5,0.0,0.0,0.0,0.0,0.0
BOOKS,2016-06,0.0,0,30,0.0,2016-06-01,2016,6,0.0,0.0,0.0,0.0,0.0
BOOKS,2016-07,0.0,0,31,0.0,2016-07-01,2016,7,0.0,0.0,0.0,0.0,0.0
BOOKS,2016-08,0.0,0,31,0.0,2016-08-01,2016,8,0.0,0.0,0.0,0.0,0.0
BOOKS,2016-09,0.0,0,30,0.0,2016-09-01,2016,9,0.0,0.0,0.0,0.0,0.0
BOOKS,2016-10,1783.0,0,31,0.0,2016-10-01,2016,10,0.0,0.0,594.3333333333334,297.1666666666667,148.58333333333334
BOOKS,2016-11,1309.0,0,30,0.0,2016-11-01,2016,11,1783.0,0.0,1030.6666666666667,515.3333333333334,257.6666666666667
BOOKS,2016-12,1027.0,0,31,0.0,2016-12-01,2016,12,1309.0,0.0,1373.0,686.5,343.25
BOOKS,2017-01,774.0,0,31,0.0,2017-01-01,2017,1,1027.0,0.0,1036.6666666666667,815.5,407.75
BOOKS,2017-02,549.0,0,28,0.0,2017-02-01,2017,2,774.0,0.0,783.3333333333334,907.0,453.5
BREAD/BAKERY,2013-02,499809.40377,0,28,0.0,2013-02-01,2013,2,549778.856175,,524794.1299725,524794.1299725,524794.1299725
BREAD/BAKERY,2013-03,594024.80169,0,31,0.0,2013-03-01,2013,3,499809.40377,,547871.020545,547871.020545,547871.020545
BREAD/BAKERY,2013-04,568623.2191,0,30,0.0,2013-04-01,2013,4,594024.80169,,554152.4748533332,553059.07018375,553059.07018375
BREAD/BAKERY,2013-05,616045.653359,0,31,0.0,2013-05-01,2013,5,568623.2191,,592897.8913830001,565656.3868187999,565656.3868187999
BREAD/BAKERY,2013-06,607785.69002,0,30,0.0,2013-06-01,2013,6,616045.653359,,597484.8541596667,572677.9373523333,572677.9373523333
BREAD/BAKERY,2013-07,568490.334004,0,31,0.0,2013-07-01,2013,7,607785.69002,,597440.5591276666,575796.5169905,572079.7083025714
BREAD/BAKERY,2013-08,574358.36818,0,31,0.0,2013-08-01,2013,8,568490.334004,,583544.7974013333,588221.3443921666,572364.54078725
BREAD/BAKERY,2013-09,615401.429876,0,30,0.0,2013-09-01,2013,9,574358.36818,,586083.3773533334,591784.1157564999,577146.4173526666
BREAD/BAKERY,2013-10,610595.11039,0,31,0.0,2013-10-01,2013,10,615401.429876,,600118.3028153334,598779.4309715,580491.2866564
BREAD/BAKERY,2013-11,585894.35193,0,30,0.0,2013-11-01,2013,11,610595.11039,,603963.630732,593754.2140666667,580982.4744085454
BREAD/BAKERY,2013-12,601344.768866,0,31,0.0,2013-12-01,2013,12,585894.35193,,599278.0770619999,592680.7272076667,582679.33228
BREAD/BAKERY,2014-01,633640.13015,0,31,0.0,2014-01-01,2014,1,601344.768866,549778.856175,606959.7503153334,603539.0265653334,589667.7717779167
BREAD/BAKERY,2014-02,560309.69892,0,28,0.0,2014-02-01,2014,2,633640.13015,499809.40377,598431.5326453333,601197.5816886667,594709.4630404167
BREAD/BAKERY,2014-03,651165.39597,0,31,0.0,2014-03-01,2014,3,560309.69892,594024.80169,615038.4083466666,607158.2427043333,599471.1792304167
BREAD/BAKERY,2014-04,573217.412024,47,30,1.5666666666666667,2014-04-01,2014,4,651165.39597,568623.2191,594897.5023046666,600928.62631,599854.02864075
BREAD/BAKERY,2014-05,621684.478954,128,31,4.129032258064516,2014-05-01,2014,5,573217.412024,616045.653359,615355.7623160001,606893.6474806666,600323.9307736667
BREAD/BAKERY,2014-06,649177.492126,273,30,9.1,2014-06-01,2014,6,621684.478954,607785.69002,614693.1277013334,614865.768024,603773.2476158333
BREAD/BAKERY,2014-07,687980.14383,429,31,13.838709677419354,2014-07-01,2014,7,649177.492126,568490.334004,652947.3716366667,623922.4369706666,613730.7317679999
BREAD/BAKERY,2014-08,767589.38916,774,31,24.967741935483872,2014-08-01,2014,8,687980.14383,574358.36818,701582.3417053334,658469.0520106666,629833.3168496668
BREAD/BAKERY,2014-09,818636.99019,3976,30,132.53333333333333,2014-09-01,2014,9,767589.38916,615401.429876,758068.84106,686380.9843806666,646769.6135425
BREAD/BAKERY,2014-10,777683.66482,965,31,31.129032258064516,2014-10-01,2014,10,818636.99019,610595.11039,787970.0147233334,720458.69318,660693.659745
BREAD/BAKERY,2014-11,742784.45008,647,30,21.566666666666666,2014-11-01,2014,11,777683.66482,585894.35193,779701.7016966665,740642.021701,673767.8345908333
BREAD/BAKERY,2014-12,744178.92184,1197,31,38.61290322580645,2014-12-01,2014,12,742784.45008,601344.768866,754882.34558,756475.59332,685670.680672
BREAD/BAKERY,2015-01,804971.6302,1915,31,61.774193548387096,2015-01-01,2015,1,744178.92184,633640.13015,763978.33404,775974.1743816667,699948.3056761666
BREAD/BAKERY,2015-02,711927.25407,646,28,23.071428571428573,2015-02-01,2015,2,804971.6302,560309.69892,753692.6020366667,766697.1518666666,712583.1019386667
BREAD/BAKERY,2015-03,838120.60417,833,31,26.870967741935484,2015-03-01,2015,3,711927.25407,651165.39597,785006.4961466667,769944.4208633333,728162.702622
BREAD/BAKERY,2015-04,799873.21899,1196,30,39.86666666666667,2015-04-01,2015,4,838120.60417,573217.412024,783307.0257433333,773642.6798916667,747050.6865358333
BREAD/BAKERY,2015-05,882514.41012,1961,31,63.25806451612903,2015-05-01,2015,5,799873.21899,621684.478954,840169.4110933333,796931.0065649999,768786.5141329999
BREAD/BAKERY,2015-06,824928.59909,4430,30,147.66666666666666,2015-06-01,2015,6,882514.41012,649177.492126,835772.0760666666,810389.2861066667,783432.4397133333
BREAD/BAKERY,2015-07,844369.56907,5783,31,186.5483870967742,2015-07-01,2015,7,824928.59909,687980.14383,850604.19276,816955.6092516667,796464.8918166667
BREAD/BAKERY,2015-08,859257.82827,7567,31,244.09677419354838,2015-08-01,2015,8,844369.56907,767589.38916,842851.9988099999,841510.7049516668,804103.9284091666
BREAD/BAKERY,2015-09,850992.04703,6760,30,225.33333333333334,2015-09-01,2015,9,859257.82827,818636.99019,851539.8147900001,843655.9454283334,806800.1831458333
BREAD/BAKERY,2015-10,838459.12483,6143,31,198.16129032258064,2015-10-01,2015,10,850992.04703,777683.66482,849569.66671,850086.9297349999,811864.8048133333
BREAD/BAKERY,2015-11,791100.24677,7017,30,233.9,2015-11-01,2015,11,838459.12483,742784.45008,826850.4728766667,834851.2358433333,815891.1212041667
BREAD/BAKERY,2015-12,774252.76412,5391,31,173.90322580645162,2015-12-01,2015,12,791100.24677,744178.92184,801270.7119066668,826405.2633483334,818397.2747274999
BREAD/BAKERY,2016-01,814228.83333,7255,31,234.03225806451613,2016-01-01,2016,1,774252.76412,804971.6302,793193.9480733332,821381.8073916667,819168.7083216667
BREAD/BAKERY,2016-02,746452.085035,5669,29,195.48275862068965,2016-02-01,2016,2,814228.83333,711927.25407,778311.2274949999,802580.8501858334,822045.77756875
BREAD/BAKERY,2016-03,824698.63703,8450,31,272.5806451612903,2016-03-01,2016,3,746452.085035,838120.60417,795126.5184649999,798198.6151858334,820927.2803070833
BREAD/BAKERY,2016-04,854779.90178,7126,30,237.53333333333333,2016-04-01,2016,4,824698.63703,799873.21899,808643.5412816666,800918.7446775,825502.8372062499
BREAD/BAKERY,2016-05,929525.61024,33343,31,1075.5806451612902,2016-05-01,2016,5,854779.90178,882514.41012,869668.0496833334,823989.6385891666,829420.4372162501
BREAD/BAKERY,2016-06,875785.68722,14037,30,467.9,2016-06-01,2016,6,929525.61024,824928.59909,886697.0664133333,840911.7924391666,833658.52789375
BREAD/BAKERY,2016-07,904726.56619,12389,31,399.64516129032256,2016-07-01,2016,7,875785.68722,844369.56907,903345.9545499999,855994.7479158333,838688.27765375
BREAD/BAKERY,2016-08,859934.09698,13595,31,438.5483870967742,2016-08-01,2016,8,904726.56619,859257.82827,880148.7834633334,874908.4165733334,838744.6333795834
BREAD/BAKERY,2016-09,850418.166,19519,30,650.6333333333333,2016-09-01,2016,9,859934.09698,850992.04703,871692.9430566666,879195.004735,838696.8099604166
BREAD/BAKERY,2016-10,874873.8629,12118,31,390.9032258064516,2016-10-01,2016,10,850418.166,838459.12483,861742.0419600001,882543.998255,841731.37146625
BREAD/BAKERY,2016-11,854292.54703,13459,30,448.6333333333333,2016-11-01,2016,11,874873.8629,791100.24677,859861.52531,870005.1543866666,846997.3964879167
BREAD/BAKERY,2016-12,862895.51316,9079,31,292.8709677419355,2016-12-01,2016,12,854292.54703,774252.76412,864020.6410299999,867856.7920433334,854384.29224125
BREAD/BAKERY,2017-01,941283.9517,15419,31,497.38709677419354,2017-01-01,2017,1,862895.51316,814228.83333,886157.3372966666,873949.6896283334,864972.2187720834
BREAD/BAKERY,2017-02,845823.21044,16663,28,595.1071428571429,2017-02-01,2017,2,941283.9517,746452.085035,883334.2251,871597.8752049999,873253.1458891667
CELEBRATION,2013-02,0.0,0,28,0.0,2013-02-01,2013,2,0.0,,0.0,0.0,0.0
CELEBRATION,2013-03,0.0,0,31,0.0,2013-03-01,2013,3,0.0,,0.0,0.0,0.0
CELEBRATION,2013-04,0.0,0,30,0.0,2013-04-01,2013,4,0.0,,0.0,0.0,0.0
CELEBRATION,2013-05,0.0,0,31,0.0,2013-05-01,2013,5,0.0,,0.0,0.0,0.0
CELEBRATION,2013-06,0.0,0,30,0.0,2013-06-01,2013,6,0.0,,0.0,0.0,0.0
CELEBRATION,2013-07,0.0,0,31,0.0,2013-07-01,2013,7,0.0,,0.0,0.0,0.0
CELEBRATION,2013-08,0.0,0,31,0.0,2013-08-01,2013,8,0.0,,0.0,0.0,0.0
CELEBRATION,2013-09,0.0,0,30,0.0,2013-09-01,2013,9,0.0,,0.0,0.0,0.0
CELEBRATION,2013-10,0.0,0,31,0.0,2013-10-01,2013,10,0.0,,0.0,0.0,0.0
CELEBRATION,2013-11,0.0,0,30,0.0,2013-11-01,2013,11,0.0,,0.0,0.0,0.0
CELEBRATION,2013-12,0.0,0,31,0.0,2013-12-01,2013,12,0.0,,0.0,0.0,0.0
CELEBRATION,2014-01,19174.0,0,31,0.0,2014-01-01,2014,1,0.0,0.0,6391.333333333333,3195.6666666666665,1597.8333333333333
CELEBRATION,2014-02,0.0,0,28,0.0,2014-02-01,2014,2,19174.0,0.0,6391.333333333333,3195.6666666666665,1597.8333333333333
CELEBRATION,2014-03,21478.0,0,31,0.0,2014-03-01,2014,3,0.0,0.0,13550.666666666666,6775.333333333333,3387.6666666666665
CELEBRATION,2014-04,0.0,0,30,0.0,2014-04-01,2014,4,21478.0,0.0,7159.333333333333,6775.333333333333,3387.6666666666665
CELEBRATION,2014-05,0.0,0,31,0.0,2014-05-01,2014,5,0.0,0.0,7159.333333333333,6775.333333333333,3387.6666666666665
CELEBRATION,2014-06,0.0,0,30,0.0,2014-06-01,2014,6,0.0,0.0,0.0,6775.333333333333,3387.6666666666665
CELEBRATION,2014-07,18153.0,127,31,4.096774193548387,2014-07-01,2014,7,0.0,0.0,6051.0,6605.166666666667,4900.416666666667
CELEBRATION,2014-08,0.0,0,31,0.0,2014-08-01,2014,8,18153.0,0.0,6051.0,6605.166666666667,4900.416666666667
CELEBRATION,2014-09,22283.0,98,30,3.2666666666666666,2014-09-01,2014,9,0.0,0.0,13478.666666666666,6739.333333333333,6757.333333333333
CELEBRATION,2014-10,21706.0,132,31,4.258064516129032,2014-10-01,2014,10,22283.0,0.0,14663.0,10357.0,8566.166666666666
CELEBRATION,2014-11,19609.0,82,30,2.7333333333333334,2014-11-01,2014,11,21706.0,0.0,21199.333333333332,13625.166666666666,10200.25
CELEBRATION,2014-12,19987.0,72,31,2.3225806451612905,2014-12-01,2014,12,19609.0,0.0,20434.0,16956.333333333332,11865.833333333334
CELEBRATION,2015-01,0.0,0,31,0.0,2015-01-01,2015,1,19987.0,19174.0,13198.666666666666,13930.833333333334,10268.0
CELEBRATION,2015-02,0.0,0,28,0.0,2015-02-01,2015,2,0.0,0.0,6662.333333333333,13930.833333333334,10268.0
CELEBRATION,2015-03,0.0,0,31,0.0,2015-03-01,2015,3,0.0,21478.0,0.0,10217.0,8478.166666666666
CELEBRATION,2015-04,0.0,0,30,0.0,2015-04-01,2015,4,0.0,0.0,0.0,6599.333333333333,8478.166666666666
CELEBRATION,2015-05,0.0,0,31,0.0,2015-05-01,2015,5,0.0,0.0,0.0,3331.1666666666665,8478.166666666666
CELEBRATION,2015-06,22116.0,97,30,3.2333333333333334,2015-06-01,2015,6,0.0,0.0,7372.0,3686.0,10321.166666666666
CELEBRATION,2015-07,22649.0,114,31,3.6774193548387095,2015-07-01,2015,7,22116.0,18153.0,14921.666666666666,7460.833333333333,10695.833333333334
CELEBRATION,2015-08,24634.0,70,31,2.2580645161290325,2015-08-01,2015,8,22649.0,0.0,23133.0,11566.5,12748.666666666666
CELEBRATION,2015-09,23634.0,131,30,4.366666666666666,2015-09-01,2015,9,24634.0,22283.0,23639.0,15505.5,12861.25
CELEBRATION,2015-10,27909.0,20,31,0.6451612903225806,2015-10-01,2015,10,23634.0,21706.0,25392.333333333332,20157.0,13378.166666666666
CELEBRATION,2015-11,23811.0,27,30,0.9,2015-11-01,2015,11,27909.0,19609.0,25118.0,24125.5,13728.333333333334
CELEBRATION,2015-12,29133.0,15,31,0.4838709677419355,2015-12-01,2015,12,23811.0,19987.0,26951.0,25295.0,14490.5
CELEBRATION,2016-01,22917.0,17,31,0.5483870967741935,2016-01-01,2016,1,29133.0,0.0,25287.0,25339.666666666668,16400.25
CELEBRATION,2016-02,22105.0,12,29,0.41379310344827586,2016-02-01,2016,2,22917.0,0.0,24718.333333333332,24918.166666666668,18242.333333333332
CELEBRATION,2016-03,23386.0,16,31,0.5161290322580645,2016-03-01,2016,3,22105.0,0.0,22802.666666666668,24876.833333333332,20191.166666666668
CELEBRATION,2016-04,23010.0,35,30,1.1666666666666667,2016-04-01,2016,4,23386.0,0.0,22833.666666666668,24060.333333333332,22108.666666666668
CELEBRATION,2016-05,23049.0,397,31,12.806451612903226,2016-05-01,2016,5,23010.0,0.0,23148.333333333332,23933.333333333332,24029.416666666668
CELEBRATION,2016-06,22204.0,129,30,4.3,2016-06-01,2016,6,23049.0,22116.0,22754.333333333332,22778.5,24036.75
CELEBRATION,2016-07,23026.0,120,31,3.870967741935484,2016-07-01,2016,7,22204.0,22649.0,22759.666666666668,22796.666666666668,24068.166666666668
CELEBRATION,2016-08,22353.0,101,31,3.2580645161290325,2016-08-01,2016,8,23026.0,24634.0,22527.666666666668,22838.0,23878.083333333332
CELEBRATION,2016-09,22397.0,91,30,3.033333333333333,2016-09-01,2016,9,22353.0,23634.0,22592.0,22673.166666666668,23775.0
CELEBRATION,2016-10,23307.0,3244,31,104.64516129032258,2016-10-01,2016,10,22397.0,27909.0,22685.666666666668,22722.666666666668,23391.5
CELEBRATION,2016-11,20567.0,117,30,3.9,2016-11-01,2016,11,23307.0,23811.0,22090.333333333332,22309.0,23121.166666666668
CELEBRATION,2016-12,30438.0,618,31,19.93548387096774,2016-12-01,2016,12,20567.0,29133.0,24770.666666666668,23681.333333333332,23229.916666666668
CELEBRATION,2017-01,22009.0,145,31,4.67741935483871,2017-01-01,2017,1,30438.0,22917.0,24338.0,23511.833333333332,23154.25
CELEBRATION,2017-02,20470.0,104,28,3.7142857142857144,2017-02-01,2017,2,22009.0,22105.0,24305.666666666668,23198.0,23018.0
CLEANING,2013-02,1302978.0,0,28,0.0,2013-02-01,2013,2,1448851.0,,1375914.5,1375914.5,1375914.5
CLEANING,2013-03,1505390.0,0,31,0.0,2013-03-01,2013,3,1302978.0,,1419073.0,1419073.0,1419073.0
CLEANING,2013-04,1421226.0,0,30,0.0,2013-04-01,2013,4,1505390.0,,1409864.6666666667,1419611.25,1419611.25
CLEANING,2013-05,1486295.0,0,31,0.0,2013-05-01,2013,5,1421226.0,,1470970.3333333333,1432948.0,1432948.0
CLEANING,2013-06,1483938.0,0,30,0.0,2013-06-01,2013,6,1486295.0,,1463819.6666666667,1441446.3333333333,1441446.3333333333
CLEANING,2013-07,1420483.0,0,31,0.0,2013-07-01,2013,7,1483938.0,,1463572.0,1436718.3333333333,1438451.5714285714
CLEANING,2013-08,1462219.0,0,31,0.0,2013-08-01,2013,8,1420483.0,,1455546.6666666667,1463258.5,1441422.5
CLEANING,2013-09,1435825.0,0,30,0.0,2013-09-01,2013,9,1462219.0,,1439509.0,1451664.3333333333,1440800.5555555555
CLEANING,2013-10,1414118.0,0,31,0.0,2013-10-01,2013,10,1435825.0,,1437387.3333333333,1450479.6666666667,1438132.3
CLEANING,2013-11,1408284.0,0,30,0.0,2013-11-01,2013,11,1414118.0,,1419409.0,1437477.8333333333,1435418.8181818181
CLEANING,2013-12,1724908.0,0,31,0.0,2013-12-01,2013,12,1408284.0,,1515770.0,1477639.5,1459542.9166666667
CLEANING,2014-01,1599645.0,0,31,0.0,2014-01-01,2014,1,1724908.0,1448851.0,1577612.3333333333,1507499.8333333333,1472109.0833333333
CLEANING,2014-02,1425639.0,0,28,0.0,2014-02-01,2014,2,1599645.0,1302978.0,1583397.3333333333,1501403.1666666667,1482330.8333333333
CLEANING,2014-03,1770274.0,0,31,0.0,2014-03-01,2014,3,1425639.0,1505390.0,1598519.3333333333,1557144.6666666667,1504404.5
CLEANING,2014-04,1452234.0,96,30,3.2,2014-04-01,2014,4,1770274.0,1421226.0,1549382.3333333333,1563497.3333333333,1506988.5
CLEANING,2014-05,1498344.0,409,31,13.193548387096774,2014-05-01,2014,5,1452234.0,1486295.0,1573617.3333333333,1578507.3333333333,1507992.5833333333
CLEANING,2014-06,1482407.0,1133,30,37.766666666666666,2014-06-01,2014,6,1498344.0,1483938.0,1477661.6666666667,1538090.5,1507865.0
CLEANING,2014-07,1679291.0,2526,31,81.48387096774194,2014-07-01,2014,7,1482407.0,1420483.0,1553347.3333333333,1551364.8333333333,1529432.3333333333
CLEANING,2014-08,1576156.0,2219,31,71.58064516129032,2014-08-01,2014,8,1679291.0,1462219.0,1579284.6666666667,1576451.0,1538927.0833333333
CLEANING,2014-09,1644862.0,1911,30,63.7,2014-09-01,2014,9,1576156.0,1435825.0,1633436.3333333333,1555549.0,1556346.8333333333
CLEANING,2014-10,1686919.0,2513,31,81.06451612903226,2014-10-01,2014,10,1644862.0,1414118.0,1635979.0,1594663.1666666667,1579080.25
CLEANING,2014-11,1700773.0,994,30,33.13333333333333,2014-11-01,2014,11,1686919.0,1408284.0,1677518.0,1628401.3333333333,1603454.3333333333
CLEANING,2014-12,1981056.0,2420,31,78.06451612903226,2014-12-01,2014,12,1700773.0,1724908.0,1789582.6666666667,1711509.5,1624800.0
CLEANING,2015-01,1859154.0,2541,31,81.96774193548387,2015-01-01,2015,1,1981056.0,1599645.0,1846994.3333333333,1741486.6666666667,1646425.75
CLEANING,2015-02,1705201.0,2366,28,84.5,2015-02-01,2015,2,1859154.0,1425639.0,1848470.3333333333,1762994.1666666667,1669722.5833333333
CLEANING,2015-03,1866690.0,1355,31,43.70967741935484,2015-03-01,2015,3,1705201.0,1770274.0,1810348.3333333333,1799965.5,1677757.25
CLEANING,2015-04,1830427.0,2844,30,94.8,2015-04-01,2015,4,1866690.0,1452234.0,1800772.6666666667,1823883.5,1709273.3333333333
CLEANING,2015-05,1914705.0,3105,31,100.16129032258064,2015-05-01,2015,5,1830427.0,1498344.0,1870607.3333333333,1859538.8333333333,1743970.0833333333
CLEANING,2015-06,1765945.0,3690,30,123.0,2015-06-01,2015,6,1914705.0,1482407.0,1837025.6666666667,1823687.0,1767598.25
CLEANING,2015-07,1842030.0,2637,31,85.06451612903226,2015-07-01,2015,7,1765945.0,1679291.0,1840893.3333333333,1820833.0,1781159.8333333333
CLEANING,2015-08,1920666.0,2273,31,73.3225806451613,2015-08-01,2015,8,1842030.0,1576156.0,1842880.3333333333,1856743.8333333333,1809869.0
CLEANING,2015-09,1898402.0,7709,30,256.96666666666664,2015-09-01,2015,9,1920666.0,1644862.0,1887032.6666666667,1862029.1666666667,1830997.3333333333
CLEANING,2015-10,1900911.0,4233,31,136.5483870967742,2015-10-01,2015,10,1898402.0,1686919.0,1906659.6666666667,1873776.5,1848830.0
CLEANING,2015-11,1783214.0,2932,30,97.73333333333333,2015-11-01,2015,11,1900911.0,1700773.0,1860842.3333333333,1851861.3333333333,1855700.0833333333
CLEANING,2015-12,2094086.0,6065,31,195.6451612903226,2015-12-01,2015,12,1783214.0,1981056.0,1926070.3333333333,1906551.5,1865119.25
CLEANING,2016-01,1969534.0,5047,31,162.80645161290323,2016-01-01,2016,1,2094086.0,1859154.0,1948944.6666666667,1927802.1666666667,1874317.5833333333
CLEANING,2016-02,1759007.0,7572,29,261.1034482758621,2016-02-01,2016,2,1969534.0,1705201.0,1940875.6666666667,1900859.0,1878801.4166666667
CLEANING,2016-03,1770695.0,13317,31,429.5806451612903,2016-03-01,2016,3,1759007.0,1866690.0,1833078.6666666667,1879574.5,1870801.8333333333
CLEANING,2016-04,1984042.0,11302,30,376.73333333333335,2016-04-01,2016,4,1770695.0,1830427.0,1837914.6666666667,1893429.6666666667,1883603.0833333333
CLEANING,2016-05,1954871.0,29946,31,966.0,2016-05-01,2016,5,1984042.0,1914705.0,1903202.6666666667,1922039.1666666667,1886950.25
CLEANING,2016-06,1762409.0,24422,30,814.0666666666667,2016-06-01,2016,6,1954871.0,1765945.0,1900440.6666666667,1866759.6666666667,1886655.5833333333
CLEANING,2016-07,1857295.0,24279,31,783.1935483870968,2016-07-01,2016,7,1762409.0,1842030.0,1858191.6666666667,1848053.1666666667,1887927.6666666667
CLEANING,2016-08,1765779.0,22985,31,741.4516129032259,2016-08-01,2016,8,1857295.0,1920666.0,1795161.0,1849181.8333333333,1875020.4166666667
CLEANING,2016-09,1808140.0,41328,30,1377.6,2016-09-01,2016,9,1765779.0,1898402.0,1810404.6666666667,1855422.6666666667,1867498.5833333333
CLEANING,2016-10,1880695.0,55367,31,1786.032258064516,2016-10-01,2016,10,1808140.0,1900911.0,1818204.6666666667,1838198.1666666667,1865813.9166666667
CLEANING,2016-11,1884280.0,44257,30,1475.2333333333333,2016-11-01,2016,11,1880695.0,1783214.0,1857705.0,1826433.0,1874236.0833333333
CLEANING,2016-12,2232180.0,44494,31,1435.2903225806451,2016-12-01,2016,12,1884280.0,2094086.0,1999051.6666666667,1904728.1666666667,1885743.9166666667
CLEANING,2017-01,2057668.0,25169,31,811.9032258064516,2017-01-01,2017,1,2232180.0,1969534.0,2058042.6666666667,1938123.6666666667,1893088.4166666667
CLEANING,2017-02,1887332.0,29477,28,1052.75,2017-02-01,2017,2,2057668.0,1759007.0,2059060.0,1958382.5,1903782.1666666667
DAIRY,2013-02,499873.0,0,28,0.0,2013-02-01,2013,2,523737.0,,511805.0,511805.0,511805.0
DAIRY,2013-03,612508.0,0,31,0.0,2013-03-01,2013,3,499873.0,,545372.6666666666,545372.6666666666,545372.6666666666
DAIRY,2013-04,559590.0,0,30,0.0,2013-04-01,2013,4,612508.0,,557323.6666666666,548927.0,548927.0
DAIRY,2013-05,595657.0,0,31,0.0,2013-05-01,2013,5,559590.0,,589251.6666666666,558273.0,558273.0
DAIRY,2013-06,590898.0,0,30,0.0,2013-06-01,2013,6,595657.0,,582048.3333333334,563710.5,563710.5
DAIRY,2013-07,576927.0,0,31,0.0,2013-07-01,2013,7,590898.0,,587827.3333333334,572575.5,565598.5714285715
DAIRY,2013-08,572921.0,0,31,0.0,2013-08-01,2013,8,576927.0,,580248.6666666666,584750.1666666666,566513.875
DAIRY,2013-09,580773.0,0,30,0.0,2013-09-01,2013,9,572921.0,,576873.6666666666,579461.0,568098.2222222222
DAIRY,2013-10,584096.0,0,31,0.0,2013-10-01,2013,10,580773.0,,579263.3333333334,583545.3333333334,569698.0
DAIRY,2013-11,880313.0,0,30,0.0,2013-11-01,2013,11,584096.0,,681727.3333333334,630988.0,597935.7272727273
DAIRY,2013-12,1161600.0,0,31,0.0,2013-12-01,2013,12,880313.0,,875336.3333333334,726105.0,644907.75
DAIRY,2014-01,1137883.0,0,31,0.0,2014-01-01,2014,1,1161600.0,523737.0,1059932.0,819597.6666666666,696086.5833333334
DAIRY,2014-02,1007519.0,0,28,0.0,2014-02-01,2014,2,1137883.0,499873.0,1102334.0,892030.6666666666,738390.4166666666
DAIRY,2014-03,1187829.0,0,31,0.0,2014-03-01,2014,3,1007519.0,612508.0,1111077.0,993206.6666666666,786333.8333333334
DAIRY,2014-04,1098719.0,126,30,4.2,2014-04-01,2014,4,1187829.0,559590.0,1098022.3333333333,1078977.1666666667,831261.25
DAIRY,2014-05,1101502.0,452,31,14.580645161290322,2014-05-01,2014,5,1098719.0,595657.0,1129350.0,1115842.0,873415.0
DAIRY,2014-06,1091265.0,655,30,21.833333333333332,2014-06-01,2014,6,1101502.0,590898.0,1097162.0,1104119.5,915112.25
DAIRY,2014-07,1088790.0,1339,31,43.193548387096776,2014-07-01,2014,7,1091265.0,576927.0,1093852.3333333333,1095937.3333333333,957767.5
DAIRY,2014-08,1075861.0,1453,31,46.87096774193548,2014-08-01,2014,8,1088790.0,572921.0,1085305.3333333333,1107327.6666666667,999679.1666666666
DAIRY,2014-09,1154050.0,2823,30,94.1,2014-09-01,2014,9,1075861.0,580773.0,1106233.6666666667,1101697.8333333333,1047452.25
DAIRY,2014-10,1165505.0,1945,31,62.74193548387097,2014-10-01,2014,10,1154050.0,584096.0,1131805.3333333333,1112828.8333333333,1095903.0
DAIRY,2014-11,1152036.0,1272,30,42.4,2014-11-01,2014,11,1165505.0,880313.0,1157197.0,1121251.1666666667,1118546.5833333333
DAIRY,2014-12,1230826.0,2878,31,92.83870967741936,2014-12-01,2014,12,1152036.0,1161600.0,1182789.0,1144511.3333333333,1124315.4166666667
DAIRY,2015-01,1134521.0,2548,31,82.19354838709677,2015-01-01,2015,1,1230826.0,1137883.0,1172461.0,1152133.1666666667,1124035.25
DAIRY,2015-02,1020747.0,1983,28,70.82142857142857,2015-02-01,2015,2,1134521.0,1007519.0,1128698.0,1142947.5,1125137.5833333333
DAIRY,2015-03,1234851.0,1681,31,54.225806451612904,2015-03-01,2015,3,1020747.0,1187829.0,1130039.6666666667,1156414.3333333333,1129056.0833333333
DAIRY,2015-04,1181180.0,1818,30,60.6,2015-04-01,2015,4,1234851.0,1098719.0,1145592.6666666667,1159026.8333333333,1135927.8333333333
DAIRY,2015-05,1293308.0,2599,31,83.83870967741936,2015-05-01,2015,5,1181180.0,1101502.0,1236446.3333333333,1182572.1666666667,1151911.6666666667
DAIRY,2015-06,1243588.0,6900,30,230.0,2015-06-01,2015,6,1293308.0,1091265.0,1239358.6666666667,1184699.1666666667,1164605.25
DAIRY,2015-07,1244815.0,12092,31,390.06451612903226,2015-07-01,2015,7,1243588.0,1088790.0,1260570.3333333333,1203081.5,1177607.3333333333
DAIRY,2015-08,1263428.0,10637,31,343.1290322580645,2015-08-01,2015,8,1244815.0,1075861.0,1250610.3333333333,1243528.3333333333,1193237.9166666667
DAIRY,2015-09,1224619.0,13352,30,445.06666666666666,2015-09-01,2015,9,1263428.0,1154050.0,1244287.3333333333,1241823.0,1199118.6666666667
DAIRY,2015-10,1314827.0,10848,31,349.93548387096774,2015-10-01,2015,10,1224619.0,1165505.0,1267624.6666666667,1264097.5,1211562.1666666667
DAIRY,2015-11,1283672.0,11550,30,385.0,2015-11-01,2015,11,1314827.0,1152036.0,1274372.6666666667,1262491.5,1222531.8333333333
DAIRY,2015-12,1394582.0,15569,31,502.2258064516129,2015-12-01,2015,12,1283672.0,1230826.0,1331027.0,1287657.1666666667,1236178.1666666667
DAIRY,2016-01,1354875.0,17029,31,549.3225806451613,2016-01-01,2016,1,1394582.0,1134521.0,1344376.3333333333,1306000.5,1254541.0
DAIRY,2016-02,1250980.0,10274,29,354.2758620689655,2016-02-01,2016,2,1354875.0,1020747.0,1333479.0,1303925.8333333333,1273727.0833333333
DAIRY,2016-03,1411860.0,19836,31,639.8709677419355,2016-03-01,2016,3,1250980.0,1234851.0,1339238.3333333333,1335132.6666666667,1288477.8333333333
DAIRY,2016-04,1427146.0,23999,30,799.9666666666667,2016-04-01,2016,4,1411860.0,1181180.0,1363328.6666666667,1353852.5,1308975.0
DAIRY,2016-05,1520885.0,23806,31,767.9354838709677,2016-05-01,2016,5,1427146.0,1293308.0,1453297.0,1393388.0,1327939.75
DAIRY,2016-06,1373631.0,20858,30,695.2666666666667,2016-06-01,2016,6,1520885.0,1243588.0,1440554.0,1389896.1666666667,1338776.6666666667
DAIRY,2016-07,1412688.0,28910,31,932.5806451612904,2016-07-01,2016,7,1373631.0,1244815.0,1435734.6666666667,1399531.6666666667,1352766.0833333333
DAIRY,2016-08,1330689.0,22682,31,731.6774193548387,2016-08-01,2016,8,1412688.0,1263428.0,1372336.0,1412816.5,1358371.1666666667
DAIRY,2016-09,1360984.0,18275,30,609.1666666666666,2016-09-01,2016,9,1330689.0,1224619.0,1368120.3333333333,1404337.1666666667,1369734.9166666667
DAIRY,2016-10,1434197.0,27654,31,892.0645161290323,2016-10-01,2016,10,1360984.0,1314827.0,1375290.0,1405512.3333333333,1379682.4166666667
DAIRY,2016-11,1472571.0,41484,30,1382.8,2016-11-01,2016,11,1434197.0,1283672.0,1422584.0,1397460.0,1395424.0
DAIRY,2016-12,1616687.0,40925,31,1320.1612903225807,2016-12-01,2016,12,1472571.0,1394582.0,1507818.3333333333,1437969.3333333333,1413932.75
DAIRY,2017-01,1572252.0,39849,31,1285.4516129032259,2017-01-01,2017,1,1616687.0,1354875.0,1553836.6666666667,1464563.3333333333,1432047.5
DAIRY,2017-02,1384714.0,32557,28,1162.75,2017-02-01,2017,2,1572252.0,1250980.0,1524551.0,1473567.5,1443192.0
DELI,2013-02,283769.43102,0,28,0.0,2013-02-01,2013,2,304217.242018,,293993.336519,293993.336519,293993.336519
DELI,2013-03,327257.452028,0,31,0.0,2013-03-01,2013,3,283769.43102,,305081.375022,305081.375022,305081.375022
DELI,2013-04,316163.708962,0,30,0.0,2013-04-01,2013,4,327257.452028,,309063.53067,307851.958507,307851.958507
DELI,2013-05,347293.365026,0,31,0.0,2013-05-01,2013,5,316163.708962,,330238.17533866665,315740.2398108,315740.2398108
DELI,2013-06,335910.17701,0,30,0.0,2013-06-01,2013,6,347293.365026,,333122.4169993333,319101.8960106667,319101.8960106667
DELI,2013-07,298614.00193,0,31,0.0,2013-07-01,2013,7,335910.17701,,327272.5146553333,318168.0226626667,316175.05399914284
DELI,2013-08,325416.424971,0,31,0.0,2013-08-01,2013,8,298614.00193,,319980.2013036667,325109.1883211667,317330.22537062503
DELI,2013-09,347099.01406,0,30,0.0,2013-09-01,2013,9,325416.424971,,323709.8136536667,328416.1153265,320637.8685583334
DELI,2013-10,346264.989962,0,31,0.0,2013-10-01,2013,10,347099.01406,,339593.47633100004,333432.9954931667,323200.58069870004
DELI,2013-11,337003.064948,0,30,0.0,2013-11-01,2013,11,346264.989962,,343455.68965666665,331717.9454801667,324455.35199409095
DELI,2013-12,388401.26798,0,31,0.0,2013-12-01,2013,12,337003.064948,,357223.10763,340466.4606418333,329784.17832625
DELI,2014-01,361683.965712,0,31,0.0,2014-01-01,2014,1,388401.26798,304217.242018,362362.7662133333,350978.12127216667,334573.0719674167
DELI,2014-02,329563.242532,0,28,0.0,2014-02-01,2014,2,361683.965712,283769.43102,359882.82540800003,351669.2575323333,338389.22292675
DELI,2014-03,380693.293516,0,31,0.0,2014-03-01,2014,3,329563.242532,327257.452028,357313.50058666663,357268.3041083333,342842.20971741667
DELI,2014-04,348646.547894,539,30,17.966666666666665,2014-04-01,2014,4,380693.293516,316163.708962,352967.69464733335,357665.23043033335,345549.11296175
DELI,2014-05,379033.81404,3288,31,106.06451612903226,2014-05-01,2014,5,348646.547894,347293.365026,369457.88515,364670.355279,348194.15037958336
DELI,2014-06,374419.096704,5499,30,183.3,2014-06-01,2014,6,379033.81404,335910.17701,367366.48621266667,362339.9933996667,351403.22702075
DELI,2014-07,375441.028308,9653,31,311.38709677419354,2014-07-01,2014,7,374419.096704,298614.00193,376297.9796840001,364632.8371656667,357805.4792189167
DELI,2014-08,398869.28309,10158,31,327.6774193548387,2014-08-01,2014,8,375441.028308,325416.424971,382909.80270066665,376183.84392533335,363926.5507288333
DELI,2014-09,389051.502884,8953,30,298.43333333333334,2014-09-01,2014,9,398869.28309,347099.01406,387787.27142733335,377576.87882,367422.5914641667
DELI,2014-10,394293.122998,11303,31,364.61290322580646,2014-10-01,2014,10,389051.502884,346264.989962,394071.30299066665,385184.6413373333,371424.9358838333
DELI,2014-11,432251.02703,10122,30,337.4,2014-11-01,2014,11,394293.122998,337003.064948,405198.55097066663,394054.1768356667,379362.26605733327
DELI,2014-12,476338.39706,9813,31,316.5483870967742,2014-12-01,2014,12,432251.02703,388401.26798,434294.18236266664,411040.726895,386690.3601473333
DELI,2015-01,474786.287988,12530,31,404.19354838709677,2015-01-01,2015,1,476338.39706,361683.965712,461125.2373593333,427598.270175,396115.5536703334
DELI,2015-02,439862.78801,10543,28,376.5357142857143,2015-02-01,2015,2,474786.287988,329563.242532,463662.4910193333,434430.52099499997,405307.1824601667
DELI,2015-03,504635.508104,10847,31,349.9032258064516,2015-03-01,2015,3,439862.78801,380693.293516,473094.8613673334,453694.521865,415635.70034250006
DELI,2015-04,480224.648004,11706,30,390.2,2015-04-01,2015,4,504635.508104,348646.547894,474907.64803933335,468016.44269933336,426600.5420183334
DELI,2015-05,525671.48905,12769,31,411.9032258064516,2015-05-01,2015,5,480224.648004,379033.81404,503510.5483859999,483586.51970266673,438820.34826916666
DELI,2015-06,492229.867984,10522,30,350.73333333333335,2015-06-01,2015,6,525671.48905,374419.096704,499375.33501266665,486235.09819,448637.9125425
DELI,2015-07,511151.27598,13435,31,433.38709677419354,2015-07-01,2015,7,492229.867984,375441.028308,509684.2110046667,492295.92952199996,459947.0998485
DELI,2015-08,525126.166004,11726,31,378.258064516129,2015-08-01,2015,8,511151.27598,398869.28309,509502.43665600003,506506.49252100004,470468.506758
DELI,2015-09,518201.89304,11773,30,392.43333333333334,2015-09-01,2015,9,525126.166004,389051.502884,518159.7783413334,508767.55667699996,481231.039271
DELI,2015-10,500247.62201,13354,31,430.7741935483871,2015-10-01,2015,10,518201.89304,394293.122998,514525.22701800003,512104.7190113333,490060.5808553333
DELI,2015-11,432527.620994,11100,30,370.0,2015-11-01,2015,11,500247.62201,432251.02703,483659.045348,496580.74100199994,490083.63035233336
DELI,2015-12,490186.060992,8144,31,262.7096774193548,2015-12-01,2015,12,432527.620994,476338.39706,474320.4346653333,496240.1065033334,491237.6023466667
DELI,2016-01,481682.521008,11014,31,355.2903225806452,2016-01-01,2016,1,490186.060992,474786.287988,468132.06766466674,491328.64734133333,491812.2884316666
DELI,2016-02,439429.477934,11997,29,413.6896551724138,2016-02-01,2016,2,481682.521008,439862.78801,470432.68664466665,477045.8659963333,491776.1792586667
DELI,2016-03,456444.94902,11303,31,364.61290322580646,2016-03-01,2016,3,439429.477934,504635.508104,459185.6493206667,466753.041993,487760.29933500005
DELI,2016-04,475840.183096,14791,30,493.03333333333336,2016-04-01,2016,4,456444.94902,480224.648004,457238.2033500001,462685.1355073333,487394.9272593334
DELI,2016-05,491731.432006,18650,31,601.6129032258065,2016-05-01,2016,5,475840.183096,525671.48905,474672.1880406667,472552.43734266673,484566.5891723333
DELI,2016-06,446243.38405,18482,30,616.0666666666667,2016-06-01,2016,6,491731.432006,492229.867984,471271.66638400004,465228.65785233333,480734.3821778334
DELI,2016-07,483486.869006,20778,31,670.258064516129,2016-07-01,2016,7,446243.38405,511151.27598,473820.56168733333,465529.38251866674,478429.01493
DELI,2016-08,456744.74002,18651,31,601.6451612903226,2016-08-01,2016,8,483486.869006,525126.166004,462158.3310253334,468415.259533,472730.5627646667
DELI,2016-09,451844.475966,18279,30,609.3,2016-09-01,2016,9,456744.74002,518201.89304,464025.361664,467648.514024,467200.77800850006
DELI,2016-10,478863.641948,15838,31,510.9032258064516,2016-10-01,2016,10,451844.475966,500247.62201,462484.28597799997,468152.42383266665,465418.77967
DELI,2016-11,503415.142948,24501,30,816.7,2016-11-01,2016,11,478863.641948,432527.620994,478041.0869540001,470099.7089896666,471326.0731661667
DELI,2016-12,565027.954086,27852,31,898.4516129032259,2016-12-01,2016,12,503415.142948,490186.060992,515768.9129940001,489897.137329,477562.8975906666
DELI,2017-01,515412.20295,21917,31,707.0,2017-01-01,2017,1,565027.954086,481682.521008,527951.7666613334,495218.0263196667,480373.7044191667
DELI,2017-02,472868.999906,21446,28,765.9285714285714,2017-02-01,2017,2,515412.20295,439429.477934,517769.7189806667,497905.4029673333,483160.3312501667
EGGS,2013-02,190424.0,0,28,0.0,2013-02-01,2013,2,203442.0,,196933.0,196933.0,196933.0
EGGS,2013-03,225027.0,0,31,0.0,2013-03-01,2013,3,190424.0,,206297.66666666666,206297.66666666666,206297.66666666666
EGGS,2013-04,208200.0,0,30,0.0,2013-04-01,2013,4,225027.0,,207883.66666666666,206773.25,206773.25
EGGS,2013-05,229575.0,0,31,0.0,2013-05-01,2013,5,208200.0,,220934.0,211333.6,211333.6
EGGS,2013-06,220594.0,0,30,0.0,2013-06-01,2013,6,229575.0,,219456.33333333334,212877.0,212877.0
EGGS,2013-07,209272.0,0,31,0.0,2013-07-01,2013,7,220594.0,,219813.66666666666,213848.66666666666,212362.0
EGGS,2013-08,216552.0,0,31,0.0,2013-08-01,2013,8,209272.0,,215472.66666666666,218203.33333333334,212885.75
EGGS,2013-09,236446.0,0,30,0.0,2013-09-01,2013,9,216552.0,,220756.66666666666,220106.5,215503.55555555556
EGGS,2013-10,236916.0,0,31,0.0,2013-10-01,2013,10,236446.0,,229971.33333333334,224892.5,217644.8
EGGS,2013-11,230636.0,0,30,0.0,2013-11-01,2013,11,236916.0,,234666.0,225069.33333333334,218825.81818181818
EGGS,2013-12,241805.0,0,31,0.0,2013-12-01,2013,12,230636.0,,236452.33333333334,228604.5,220740.75
EGGS,2014-01,252982.0,0,31,0.0,2014-01-01,2014,1,241805.0,203442.0,241807.66666666666,235889.5,224869.08333333334
EGGS,2014-02,230477.0,0,28,0.0,2014-02-01,2014,2,252982.0,190424.0,241754.66666666666,238210.33333333334,228206.83333333334
EGGS,2014-03,276353.0,0,31,0.0,2014-03-01,2014,3,230477.0,225027.0,253270.66666666666,244861.5,232484.0
EGGS,2014-04,261829.0,214,30,7.133333333333334,2014-04-01,2014,4,276353.0,208200.0,256219.66666666666,249013.66666666666,236953.08333333334
EGGS,2014-05,268064.0,1251,31,40.354838709677416,2014-05-01,2014,5,261829.0,229575.0,268748.6666666667,255251.66666666666,240160.5
EGGS,2014-06,263067.0,2103,30,70.1,2014-06-01,2014,6,268064.0,220594.0,264320.0,258795.33333333334,243699.91666666666
EGGS,2014-07,264617.0,3924,31,126.58064516129032,2014-07-01,2014,7,263067.0,209272.0,265249.3333333333,260734.5,248312.0
EGGS,2014-08,291326.0,4667,31,150.5483870967742,2014-08-01,2014,8,264617.0,216552.0,273003.3333333333,270876.0,254543.16666666666
EGGS,2014-09,302659.0,3692,30,123.06666666666666,2014-09-01,2014,9,291326.0,236446.0,286200.6666666667,275260.3333333333,260060.91666666666
EGGS,2014-10,311349.0,5145,31,165.96774193548387,2014-10-01,2014,10,302659.0,236916.0,301778.0,283513.6666666667,266263.6666666667
EGGS,2014-11,305548.0,4264,30,142.13333333333333,2014-11-01,2014,11,311349.0,230636.0,306518.6666666667,289761.0,272506.3333333333
EGGS,2014-12,304481.0,4058,31,130.90322580645162,2014-12-01,2014,12,305548.0,241805.0,307126.0,296663.3333333333,277729.3333333333
EGGS,2015-01,313143.0,5129,31,165.4516129032258,2015-01-01,2015,1,304481.0,252982.0,307724.0,304751.0,282742.75
EGGS,2015-02,283264.0,4240,28,151.42857142857142,2015-02-01,2015,2,313143.0,230477.0,300296.0,303407.3333333333,287141.6666666667
EGGS,2015-03,320340.0,4234,31,136.58064516129033,2015-03-01,2015,3,283264.0,276353.0,305582.3333333333,306354.1666666667,290807.25
EGGS,2015-04,292364.0,4534,30,151.13333333333333,2015-04-01,2015,4,320340.0,261829.0,298656.0,303190.0,293351.8333333333
EGGS,2015-05,314260.0,4954,31,159.80645161290323,2015-05-01,2015,5,292364.0,268064.0,308988.0,304642.0,297201.5
EGGS,2015-06,294412.0,5279,30,175.96666666666667,2015-06-01,2015,6,314260.0,263067.0,300345.3333333333,302963.8333333333,299813.5833333333
EGGS,2015-07,299069.0,5271,31,170.03225806451613,2015-07-01,2015,7,294412.0,264617.0,302580.3333333333,300618.1666666667,302684.5833333333
EGGS,2015-08,303087.0,4907,31,158.29032258064515,2015-08-01,2015,8,299069.0,291326.0,298856.0,303922.0,303664.6666666667
EGGS,2015-09,285324.0,4460,30,148.66666666666666,2015-09-01,2015,9,303087.0,302659.0,295826.6666666667,298086.0,302220.0833333333
EGGS,2015-10,289616.0,4999,31,161.25806451612902,2015-10-01,2015,10,285324.0,311349.0,292675.6666666667,297628.0,300409.0
EGGS,2015-11,279691.0,4568,30,152.26666666666668,2015-11-01,2015,11,289616.0,305548.0,284877.0,291866.5,298254.25
EGGS,2015-12,277802.0,3722,31,120.06451612903226,2015-12-01,2015,12,279691.0,304481.0,282369.6666666667,289098.1666666667,296031.0
EGGS,2016-01,284872.0,4307,31,138.93548387096774,2016-01-01,2016,1,277802.0,313143.0,280788.3333333333,286732.0,293675.0833333333
EGGS,2016-02,269977.0,4596,29,158.48275862068965,2016-02-01,2016,2,284872.0,283264.0,277550.3333333333,281213.6666666667,292567.8333333333
EGGS,2016-03,291765.0,4729,31,152.5483870967742,2016-03-01,2016,3,269977.0,320340.0,282204.6666666667,282287.1666666667,290186.5833333333
EGGS,2016-04,294315.0,5347,30,178.23333333333332,2016-04-01,2016,4,291765.0,292364.0,285352.3333333333,283070.3333333333,290349.1666666667
EGGS,2016-05,307394.0,6587,31,212.48387096774192,2016-05-01,2016,5,294315.0,314260.0,297824.6666666667,287687.5,289777.0
EGGS,2016-06,290942.0,4388,30,146.26666666666668,2016-06-01,2016,6,307394.0,294412.0,297550.3333333333,289877.5,289487.8333333333
EGGS,2016-07,304831.0,5169,31,166.74193548387098,2016-07-01,2016,7,290942.0,299069.0,301055.6666666667,293204.0,289968.0
EGGS,2016-08,289890.0,4532,31,146.19354838709677,2016-08-01,2016,8,304831.0,303087.0,295221.0,296522.8333333333,288868.25
EGGS,2016-09,290414.0,4793,30,159.76666666666668,2016-09-01,2016,9,289890.0,285324.0,295045.0,296297.6666666667,289292.4166666667
EGGS,2016-10,339491.0,7168,31,231.2258064516129,2016-10-01,2016,10,290414.0,289616.0,306598.3333333333,303827.0,293448.6666666667
EGGS,2016-11,334923.0,5697,30,189.9,2016-11-01,2016,11,339491.0,279691.0,321609.3333333333,308415.1666666667,298051.3333333333
EGGS,2016-12,338712.0,5318,31,171.5483870967742,2016-12-01,2016,12,334923.0,277802.0,337708.6666666667,316376.8333333333,303127.1666666667
EGGS,2017-01,315964.0,6274,31,202.38709677419354,2017-01-01,2017,1,338712.0,284872.0,329866.3333333333,318232.3333333333,305718.1666666667
EGGS,2017-02,281068.0,5068,28,181.0,2017-02-01,2017,2,315964.0,269977.0,311914.6666666667,316762.0,306642.4166666667
FROZEN FOODS,2013-02,98706.2020041,0,28,0.0,2013-02-01,2013,2,118057.1350672,,108381.66853565001,108381.66853565001,108381.66853565001
FROZEN FOODS,2013-03,135552.357953,0,31,0.0,2013-03-01,2013,3,98706.2020041,,117438.5650081,117438.5650081,117438.5650081
FROZEN FOODS,2013-04,145692.047052,0,30,0.0,2013-04-01,2013,4,135552.357953,,126650.20233636668,124501.935519075,124501.935519075
FROZEN FOODS,2013-05,150769.849963,0,31,0.0,2013-05-01,2013,5,145692.047052,,144004.751656,129755.51840786,129755.51840786
FROZEN FOODS,2013-06,170314.649025,0,30,0.0,2013-06-01,2013,6,150769.849963,,155592.18201333334,136515.3735107167,136515.3735107167
FROZEN FOODS,2013-07,163838.4289985,0,31,0.0,2013-07-01,2013,7,170314.649025,,161640.9759955,144145.5891659333,140418.66715182856
FROZEN FOODS,2013-08,163100.411023,0,31,0.0,2013-08-01,2013,8,163838.4289985,,165751.16301549997,154877.95733575,143253.885135725
FROZEN FOODS,2013-09,161142.041982,0,30,0.0,2013-09-01,2013,9,163100.411023,,162693.6273345,159142.90467391667,145241.45811864443
FROZEN FOODS,2013-10,161381.108939,0,31,0.0,2013-10-01,2013,10,161142.041982,,161874.52064799998,161757.74832175,146855.42320068
FROZEN FOODS,2013-11,173542.6359127,0,30,0.0,2013-11-01,2013,11,161381.108939,,165355.26227789998,165553.2126467,149281.53344722727
FROZEN FOODS,2013-12,844150.361475,0,31,0.0,2013-12-01,2013,12,173542.6359127,,393024.70210890006,277859.16472169996,207187.26911620834
FROZEN FOODS,2014-01,185148.746023,0,31,0.0,2014-01-01,2014,1,844150.361475,118057.1350672,400947.2478035667,281410.88422578335,212778.23669585833
FROZEN FOODS,2014-02,164225.935953,0,28,0.0,2014-02-01,2014,2,185148.746023,98706.2020041,397841.6811503333,281598.4717141167,218238.21452493334
FROZEN FOODS,2014-03,201682.213037,0,31,0.0,2014-03-01,2014,3,164225.935953,135552.357953,183685.631671,288355.16688995,223749.03578193334
FROZEN FOODS,2014-04,167466.028013,24,30,0.8,2014-04-01,2014,4,201682.213037,145692.047052,177791.39233433336,289369.32006895,225563.53419535002
FROZEN FOODS,2014-05,180817.965954,200,31,6.451612903225806,2014-05-01,2014,5,167466.028013,150769.849963,183322.06900133332,290581.87507583335,228067.54386126666
FROZEN FOODS,2014-06,175937.427012,432,30,14.4,2014-06-01,2014,6,180817.965954,170314.649025,174740.47365966666,179213.05266533335,228536.1086935167
FROZEN FOODS,2014-07,190003.149993,735,31,23.70967741935484,2014-07-01,2014,7,175937.427012,163838.4289985,182252.847653,180022.11999366668,230716.50210972503
FROZEN FOODS,2014-08,179060.996057,822,31,26.516129032258064,2014-08-01,2014,8,190003.149993,163100.411023,181667.19102066665,182494.630011,232046.55086255833
FROZEN FOODS,2014-09,176918.065977,642,30,21.4,2014-09-01,2014,9,179060.996057,161142.041982,181994.07067566668,178367.27216766667,233361.21952880835
FROZEN FOODS,2014-10,181085.456015,678,31,21.870967741935484,2014-10-01,2014,10,176918.065977,161381.108939,179021.50601633335,180637.17683466666,235003.24845180835
FROZEN FOODS,2014-11,195512.906076,973,30,32.43333333333333,2014-11-01,2014,11,181085.456015,173542.6359127,184505.47602266667,183086.33352166667,236834.10429875003
FROZEN FOODS,2014-12,867860.477072,3163,31,102.03225806451613,2014-12-01,2014,12,195512.906076,844150.361475,414819.6130543333,298406.841865,238809.94726516667
FROZEN FOODS,2015-01,215616.5710355,1588,31,51.225806451612904,2015-01-01,2015,1,867860.477072,185148.746023,426329.98472783336,302675.74537208333,241348.932682875
FROZEN FOODS,2015-02,187841.4619855,1050,28,37.5,2015-02-01,2015,2,215616.5710355,164225.935953,423772.8366976667,304139.1563601667,243316.89318558332
FROZEN FOODS,2015-03,198538.323037,535,31,17.258064516129032,2015-03-01,2015,3,187841.4619855,201682.213037,200665.45201933334,307742.5325368333,243054.90235225004
FROZEN FOODS,2015-04,203933.23096,2650,30,88.33333333333333,2015-04-01,2015,4,198538.323037,167466.028013,196771.00532749997,311550.4950276667,246093.83593116666
FROZEN FOODS,2015-05,221964.151003,2135,31,68.87096774193549,2015-05-01,2015,5,203933.23096,180817.965954,208145.23500000002,315959.03584883333,249522.68468525002
FROZEN FOODS,2015-06,209088.005026,2852,30,95.06666666666666,2015-06-01,2015,6,221964.151003,175937.427012,211661.795663,206163.62384116664,252285.23285308332
FROZEN FOODS,2015-07,213218.051001,1986,31,64.06451612903226,2015-07-01,2015,7,209088.005026,190003.149993,214756.7356766667,205763.87050208333,254219.8079370833
FROZEN FOODS,2015-08,211230.015015,3002,31,96.83870967741936,2015-08-01,2015,8,213218.051001,179060.996057,211178.69034733335,209661.96267366665,256900.55951691666
FROZEN FOODS,2015-09,201180.617978,2460,30,82.0,2015-09-01,2015,9,211230.015015,176918.065977,208542.8946646667,210102.34516383335,258922.43885033333
FROZEN FOODS,2015-10,217848.296939,2217,31,71.51612903225806,2015-10-01,2015,10,201180.617978,181085.456015,210086.30997733332,212421.522827,261986.0089273333
FROZEN FOODS,2015-11,228244.666025,2858,30,95.26666666666667,2015-11-01,2015,11,217848.296939,195512.906076,215757.86031400002,213468.27533066666,264713.65558975
FROZEN FOODS,2015-12,1236634.193202,3870,31,124.83870967741936,2015-12-01,2015,12,228244.666025,867860.477072,560909.0520553334,384725.97336,295444.79860058334
FROZEN FOODS,2016-01,243267.786982,4071,31,131.32258064516128,2016-01-01,2016,1,1236634.193202,215616.5710355,569382.215403,389734.26269016665,297749.066596125
FROZEN FOODS,2016-02,218880.030053,3190,29,110.0,2016-02-01,2016,2,243267.786982,187841.4619855,566260.6700790002,391009.26519649994,300335.6139350833
FROZEN FOODS,2016-03,215647.990991,1890,31,60.96774193548387,2016-03-01,2016,3,218880.030053,198538.323037,225931.93600866673,393420.49403199996,301761.4195979167
FROZEN FOODS,2016-04,212614.846006,3339,30,111.3,2016-04-01,2016,4,215647.990991,203933.23096,215714.28901666673,392548.2522098333,302484.8875184167
FROZEN FOODS,2016-05,226919.323943,5497,31,177.32258064516128,2016-05-01,2016,5,212614.846006,221964.151003,218394.05364666678,392327.3618628334,302897.81859675003
FROZEN FOODS,2016-06,205615.886953,6241,30,208.03333333333333,2016-06-01,2016,6,226919.323943,209088.005026,215050.0189673334,220490.97748799997,302608.475424
FROZEN FOODS,2016-07,215952.237985,5884,31,189.80645161290323,2016-07-01,2016,7,205615.886953,213218.051001,216162.48296033344,215938.38598849997,302836.3243393334
FROZEN FOODS,2016-08,196778.563997,1882,31,60.70967741935484,2016-08-01,2016,8,215952.237985,211230.015015,206115.56297833342,212254.80831249998,301632.0367545
FROZEN FOODS,2016-09,193123.510981,2845,30,94.83333333333333,2016-09-01,2016,9,196778.563997,201180.617978,201951.43765433342,208500.72831083334,300960.6111714167
FROZEN FOODS,2016-10,208731.980014,6645,31,214.3548387096774,2016-10-01,2016,10,193123.510981,217848.296939,199544.68499733342,207853.5839788333,300200.9180943333
FROZEN FOODS,2016-11,229684.324995,7215,30,240.5,2016-11-01,2016,11,208731.980014,228244.666025,210513.27199666676,208314.4174875,300320.8896751667
FROZEN FOODS,2016-12,1160601.887303,7588,31,244.7741935483871,2016-12-01,2016,12,229684.324995,1236634.193202,533006.0641040001,367478.75087916665,293984.86418358336
FROZEN FOODS,2017-01,226038.717031,4893,31,157.83870967741936,2017-01-01,2017,1,1160601.887303,243267.786982,538774.976443,369159.8307201667,292549.1083543334
FROZEN FOODS,2017-02,204147.453955,5156,28,184.14285714285714,2017-02-01,2017,2,226038.717031,218880.030053,530262.6860963334,370387.97904650006,291321.39367950003
GROCERY I,2013-02,3919400.0,0,28,0.0,2013-02-01,2013,2,4032240.0,,3975820.0,3975820.0,3975820.0
GROCERY I,2013-03,4679847.0,0,31,0.0,2013-03-01,2013,3,3919400.0,,4210495.666666667,4210495.666666667,4210495.666666667
GROCERY I,2013-04,4554014.0,0,30,0.0,2013-04-01,2013,4,4679847.0,,4384420.333333333,4296375.25,4296375.25
GROCERY I,2013-05,4806099.0,0,31,0.0,2013-05-01,2013,5,4554014.0,,4679986.666666667,4398320.0,4398320.0
GROCERY I,2013-06,4919672.0,0,30,0.0,2013-06-01,2013,6,4806099.0,,4759928.333333333,4485212.0,4485212.0
GROCERY I,2013-07,4861947.0,0,31,0.0,2013-07-01,2013,7,4919672.0,,4862572.666666667,4623496.5,4539031.285714285
GROCERY I,2013-08,5077610.0,0,31,0.0,2013-08-01,2013,8,4861947.0,,4953076.333333333,4816531.5,4606353.625
GROCERY I,2013-09,4979594.0,0,30,0.0,2013-09-01,2013,9,5077610.0,,4973050.333333333,4866489.333333333,4647824.777777778
GROCERY I,2013-10,5030378.0,0,31,0.0,2013-10-01,2013,10,4979594.0,,5029194.0,4945883.333333333,4686080.1
GROCERY I,2013-11,5027322.0,0,30,0.0,2013-11-01,2013,11,5030378.0,,5012431.333333333,4982753.833333333,4717102.090909091
GROCERY I,2013-12,6451806.0,0,31,0.0,2013-12-01,2013,12,5027322.0,,5503168.666666667,5238109.5,4861660.75
GROCERY I,2014-01,4938275.537,0,31,0.0,2014-01-01,2014,1,6451806.0,4032240.0,5472467.8456666665,5250830.922833334,4937163.711416666
GROCERY I,2014-02,4690177.0,0,28,0.0,2014-02-01,2014,2,4938275.537,3919400.0,5360086.1790000005,5186258.756166667,5001395.128083333
GROCERY I,2014-03,5546845.709,0,31,0.0,2014-03-01,2014,3,4690177.0,4679847.0,5058432.748666666,5280800.707666666,5073645.0205
GROCERY I,2014-04,5056145.344,417,30,13.9,2014-04-01,2014,4,5546845.709,4554014.0,5097722.684333333,5285095.265,5115489.299166666
GROCERY I,2014-05,5316352.218,1771,31,57.12903225806452,2014-05-01,2014,5,5056145.344,4806099.0,5306447.756999999,5333266.967999999,5158010.400666666
GROCERY I,2014-06,5263411.717,3624,30,120.8,2014-06-01,2014,6,5316352.218,4919672.0,5211969.759666666,5135201.254166666,5186655.377083333
GROCERY I,2014-07,5286220.824,6232,31,201.03225806451613,2014-07-01,2014,7,5263411.717,4861947.0,5288661.5863333335,5193192.135333333,5222011.529083333
GROCERY I,2014-08,5503241.316,7375,31,237.90322580645162,2014-08-01,2014,8,5286220.824,5077610.0,5350957.952333334,5328702.854666666,5257480.805416667
GROCERY I,2014-09,5348264.352,8136,30,271.2,2014-09-01,2014,9,5503241.316,4979594.0,5379242.164,5295605.961833333,5288203.334749999
GROCERY I,2014-10,5544867.381,5451,31,175.83870967741936,2014-10-01,2014,10,5348264.352,5030378.0,5465457.682999999,5377059.634666666,5331077.4498333335
GROCERY I,2014-11,5707534.215,9764,30,325.46666666666664,2014-11-01,2014,11,5544867.381,5027322.0,5533555.316,5442256.634166666,5387761.801083333
GROCERY I,2014-12,7465455.145,14802,31,477.48387096774195,2014-12-01,2014,12,5707534.215,6451806.0,6239285.580333333,5809263.872166667,5472232.563166667
GROCERY I,2015-01,5557804.579,9578,31,308.96774193548384,2015-01-01,2015,1,7465455.145,4938275.537,6243597.979666666,5854527.831333333,5523859.983333333
GROCERY I,2015-02,5284455.885,6136,28,219.14285714285714,2015-02-01,2015,2,5557804.579,4690177.0,6102571.869666666,5818063.592833333,5573383.22375
GROCERY I,2015-03,6149892.945,9094,31,293.35483870967744,2015-03-01,2015,3,5284455.885,5546845.709,5664051.136333332,5951668.358333333,5623637.160083334
GROCERY I,2015-04,5795401.729,10923,30,364.1,2015-04-01,2015,4,6149892.945,5056145.344,5743250.186333333,5993424.083000001,5685241.858833334
GROCERY I,2015-05,6373796.482,13003,31,419.4516129032258,2015-05-01,2015,5,5795401.729,5316352.218,6106363.718666668,6104467.794166666,5773362.214166666
GROCERY I,2015-06,5855261.474,11132,30,371.06666666666666,2015-06-01,2015,6,6373796.482,5263411.717,6008153.228333334,5836102.182333334,5822683.02725
GROCERY I,2015-07,6194259.302,11940,31,385.16129032258067,2015-07-01,2015,7,5855261.474,5286220.824,6141105.752666667,5942177.969500001,5898352.900416668
GROCERY I,2015-08,6558197.975,11212,31,361.6774193548387,2015-08-01,2015,8,6194259.302,5503241.316,6202572.917,6154468.317833333,5986265.955333333
GROCERY I,2015-09,6432350.409,19593,30,653.1,2015-09-01,2015,9,6558197.975,5348264.352,6394935.895333334,6201544.561833333,6076606.460083333
GROCERY I,2015-10,6985096.258,12632,31,407.48387096774195,2015-10-01,2015,10,6432350.409,5544867.381,6658548.214000001,6399826.983333333,6196625.5331666665
GROCERY I,2015-11,6687613.611,24583,30,819.4333333333333,2015-11-01,2015,11,6985096.258,5707534.215,6701686.759333334,6452129.838166666,6278298.816166666
GROCERY I,2015-12,8354408.355,17553,31,566.2258064516129,2015-12-01,2015,12,6687613.611,7465455.145,7342372.741333333,6868654.318333334,6352378.250333334
GROCERY I,2016-01,6679403.034,16687,31,538.2903225806451,2016-01-01,2016,1,8354408.355,5557804.579,7240475.0,6949511.607,6445844.788249999
GROCERY I,2016-02,6302594.085,65738,29,2266.8275862068967,2016-02-01,2016,2,6679403.034,5284455.885,7112135.158,6906910.958666666,6530689.638250001
GROCERY I,2016-03,6717593.188,35153,31,1133.967741935484,2016-03-01,2016,3,6302594.085,6149892.945,6566530.102333333,6954451.421833333,6577997.991833333
GROCERY I,2016-04,8408542.133,58428,30,1947.6,2016-04-01,2016,4,6717593.188,5795401.729,7142909.802,7191692.401000001,6795759.6921666665
GROCERY I,2016-05,7428993.997,119447,31,3853.1290322580644,2016-05-01,2016,5,8408542.133,6373796.482,7518376.439333334,7315255.798666667,6883692.818416666
GROCERY I,2016-06,6630982.804,86547,30,2884.9,2016-06-01,2016,6,7428993.997,5855261.474,7489506.311333333,7028018.206833333,6948336.262583333
GROCERY I,2016-07,6970735.675,75869,31,2447.3870967741937,2016-07-01,2016,7,6630982.804,6194259.302,7010237.4920000015,7076573.647,7013042.627
GROCERY I,2016-08,6523503.729,65267,31,2105.3870967741937,2016-08-01,2016,8,6970735.675,6558197.975,6708407.402666667,7113391.921,7010151.439833333
GROCERY I,2016-09,6529649.012,77215,30,2573.8333333333335,2016-09-01,2016,9,6523503.729,6432350.409,6674629.472,7082067.891666667,7018259.656750001
GROCERY I,2016-10,7116713.744,110180,31,3554.1935483870966,2016-10-01,2016,10,6529649.012,6985096.258,6723288.828333334,6866763.160166667,7029227.780583333
GROCERY I,2016-11,7322874.638,129002,30,4300.066666666667,2016-11-01,2016,11,7116713.744,6687613.611,6989745.798,6849076.600333333,7082166.199500001
GROCERY I,2016-12,9454952.927,180284,31,5815.612903225807,2016-12-01,2016,12,7322874.638,8354408.355,7964847.103,7319738.287500001,7173878.247166666
GROCERY I,2017-01,7419753.694,89791,31,2896.483870967742,2017-01-01,2017,1,9454952.927,6679403.034,8065860.4196666675,7394574.623999999,7235574.1355
GROCERY I,2017-02,6774372.37,73552,28,2626.8571428571427,2017-02-01,2017,2,7419753.694,6302594.085,7883026.330333334,7436386.064166668,7274888.9925833335
GROCERY II,2013-02,25304.0,0,28,0.0,2013-02-01,2013,2,27039.0,,26171.5,26171.5,26171.5
GROCERY II,2013-03,29500.0,0,31,0.0,2013-03-01,2013,3,25304.0,,27281.0,27281.0,27281.0
GROCERY II,2013-04,29395.0,0,30,0.0,2013-04-01,2013,4,29500.0,,28066.333333333332,27809.5,27809.5
GROCERY II,2013-05,32690.0,0,31,0.0,2013-05-01,2013,5,29395.0,,30528.333333333332,28785.6,28785.6
GROCERY II,2013-06,30786.0,0,30,0.0,2013-06-01,2013,6,32690.0,,30957.0,29119.0,29119.0
GROCERY II,2013-07,30109.0,0,31,0.0,2013-07-01,2013,7,30786.0,,31195.0,29630.666666666668,29260.428571428572
GROCERY II,2013-08,31022.0,0,31,0.0,2013-08-01,2013,8,30109.0,,30639.0,30583.666666666668,29480.625
GROCERY II,2013-09,30629.0,0,30,0.0,2013-09-01,2013,9,31022.0,,30586.666666666668,30771.833333333332,29608.222222222223
GROCERY II,2013-10,30423.0,0,31,0.0,2013-10-01,2013,10,30629.0,,30691.333333333332,30943.166666666668,29689.7
GROCERY II,2013-11,30297.0,0,30,0.0,2013-11-01,2013,11,30423.0,,30449.666666666668,30544.333333333332,29744.909090909092
GROCERY II,2013-12,49683.0,0,31,0.0,2013-12-01,2013,12,30297.0,,36801.0,33693.833333333336,31406.416666666668
GROCERY II,2014-01,29574.0,0,31,0.0,2014-01-01,2014,1,49683.0,27039.0,36518.0,33604.666666666664,31617.666666666668
GROCERY II,2014-02,25426.0,0,28,0.0,2014-02-01,2014,2,29574.0,25304.0,34894.333333333336,32672.0,31627.833333333332
GROCERY II,2014-03,30956.0,0,31,0.0,2014-03-01,2014,3,25426.0,29500.0,28652.0,32726.5,31749.166666666668
GROCERY II,2014-04,29452.0,0,30,0.0,2014-04-01,2014,4,30956.0,29395.0,28611.333333333332,32564.666666666668,31753.916666666668
GROCERY II,2014-05,32084.0,0,31,0.0,2014-05-01,2014,5,29452.0,32690.0,30830.666666666668,32862.5,31703.416666666668
GROCERY II,2014-06,33102.0,3,30,0.1,2014-06-01,2014,6,32084.0,30786.0,31546.0,30099.0,31896.416666666668
GROCERY II,2014-07,32961.0,5,31,0.16129032258064516,2014-07-01,2014,7,33102.0,30109.0,32715.666666666668,30663.5,32134.083333333332
GROCERY II,2014-08,33125.0,8,31,0.25806451612903225,2014-08-01,2014,8,32961.0,31022.0,33062.666666666664,31946.666666666668,32309.333333333332
GROCERY II,2014-09,32813.0,2,30,0.06666666666666667,2014-09-01,2014,9,33125.0,30629.0,32966.333333333336,32256.166666666668,32491.333333333332
GROCERY II,2014-10,33367.0,3,31,0.0967741935483871,2014-10-01,2014,10,32813.0,30423.0,33101.666666666664,32908.666666666664,32736.666666666668
GROCERY II,2014-11,33254.0,0,30,0.0,2014-11-01,2014,11,33367.0,30297.0,33144.666666666664,33103.666666666664,32983.083333333336
GROCERY II,2014-12,55858.0,75,31,2.4193548387096775,2014-12-01,2014,12,33254.0,49683.0,40826.333333333336,36896.333333333336,33497.666666666664
GROCERY II,2015-01,33508.0,75,31,2.4193548387096775,2015-01-01,2015,1,55858.0,29574.0,40873.333333333336,36987.5,33825.5
GROCERY II,2015-02,30479.0,15,28,0.5357142857142857,2015-02-01,2015,2,33508.0,25426.0,39948.333333333336,36546.5,34246.583333333336
GROCERY II,2015-03,36465.0,4,31,0.12903225806451613,2015-03-01,2015,3,30479.0,30956.0,33484.0,37155.166666666664,34705.666666666664
GROCERY II,2015-04,37913.0,96,30,3.2,2015-04-01,2015,4,36465.0,29452.0,34952.333333333336,37912.833333333336,35410.75
GROCERY II,2015-05,42787.0,124,31,4.0,2015-05-01,2015,5,37913.0,32084.0,39055.0,39501.666666666664,36302.666666666664
GROCERY II,2015-06,37675.0,7,30,0.23333333333333334,2015-06-01,2015,6,42787.0,33102.0,39458.333333333336,36471.166666666664,36683.75
GROCERY II,2015-07,38093.0,1,31,0.03225806451612903,2015-07-01,2015,7,37675.0,32961.0,39518.333333333336,37235.333333333336,37111.416666666664
GROCERY II,2015-08,37712.0,5,31,0.16129032258064516,2015-08-01,2015,8,38093.0,33125.0,37826.666666666664,38440.833333333336,37493.666666666664
GROCERY II,2015-09,35638.0,1,30,0.03333333333333333,2015-09-01,2015,9,37712.0,32813.0,37147.666666666664,38303.0,37729.083333333336
GROCERY II,2015-10,33959.0,1,31,0.03225806451612903,2015-10-01,2015,10,35638.0,33367.0,35769.666666666664,37644.0,37778.416666666664
GROCERY II,2015-11,32543.0,6,30,0.2,2015-11-01,2015,11,33959.0,33254.0,34046.666666666664,35936.666666666664,37719.166666666664
GROCERY II,2015-12,61021.0,194,31,6.258064516129032,2015-12-01,2015,12,32543.0,55858.0,42507.666666666664,39827.666666666664,38149.416666666664
GROCERY II,2016-01,34735.0,317,31,10.225806451612904,2016-01-01,2016,1,61021.0,33508.0,42766.333333333336,39268.0,38251.666666666664
GROCERY II,2016-02,31675.0,242,29,8.344827586206897,2016-02-01,2016,2,34735.0,30479.0,42477.0,38261.833333333336,38351.333333333336
GROCERY II,2016-03,32494.0,219,31,7.064516129032258,2016-03-01,2016,3,31675.0,36465.0,32968.0,37737.833333333336,38020.416666666664
GROCERY II,2016-04,34390.0,277,30,9.233333333333333,2016-04-01,2016,4,32494.0,37913.0,32853.0,37809.666666666664,37726.833333333336
GROCERY II,2016-05,36873.0,490,31,15.806451612903226,2016-05-01,2016,5,34390.0,42787.0,34585.666666666664,38531.333333333336,37234.0
GROCERY II,2016-06,34731.0,251,30,8.366666666666667,2016-06-01,2016,6,36873.0,37675.0,35331.333333333336,34149.666666666664,36988.666666666664
GROCERY II,2016-07,24388.0,218,31,7.032258064516129,2016-07-01,2016,7,34731.0,38093.0,31997.333333333332,32425.166666666668,35846.583333333336
GROCERY II,2016-08,29200.0,438,31,14.129032258064516,2016-08-01,2016,8,24388.0,37712.0,29439.666666666668,32012.666666666668,35137.25
GROCERY II,2016-09,29064.0,234,30,7.8,2016-09-01,2016,9,29200.0,35638.0,27550.666666666668,31441.0,34589.416666666664
GROCERY II,2016-10,31113.0,287,31,9.258064516129032,2016-10-01,2016,10,29064.0,33959.0,29792.333333333332,30894.833333333332,34352.25
GROCERY II,2016-11,30836.0,226,30,7.533333333333333,2016-11-01,2016,11,31113.0,32543.0,30337.666666666668,29888.666666666668,34210.0
GROCERY II,2016-12,61061.0,182,31,5.870967741935484,2016-12-01,2016,12,30836.0,61021.0,41003.333333333336,34277.0,34213.333333333336
GROCERY II,2017-01,33194.0,245,31,7.903225806451613,2017-01-01,2017,1,61061.0,34735.0,41697.0,35744.666666666664,34084.916666666664
GROCERY II,2017-02,31892.0,744,28,26.571428571428573,2017-02-01,2017,2,33194.0,31675.0,42049.0,36193.333333333336,34103.0
HARDWARE,2013-02,1414.0,0,28,0.0,2013-02-01,2013,2,1612.0,,1513.0,1513.0,1513.0
HARDWARE,2013-03,1582.0,0,31,0.0,2013-03-01,2013,3,1414.0,,1536.0,1536.0,1536.0
HARDWARE,2013-04,1423.0,0,30,0.0,2013-04-01,2013,4,1582.0,,1473.0,1507.75,1507.75
HARDWARE,2013-05,1431.0,0,31,0.0,2013-05-01,2013,5,1423.0,,1478.6666666666667,1492.4,1492.4
HARDWARE,2013-06,1339.0,0,30,0.0,2013-06-01,2013,6,1431.0,,1397.6666666666667,1466.8333333333333,1466.8333333333333
HARDWARE,2013-07,1164.0,0,31,0.0,2013-07-01,2013,7,1339.0,,1311.3333333333333,1392.1666666666667,1423.5714285714287
HARDWARE,2013-08,1554.0,0,31,0.0,2013-08-01,2013,8,1164.0,,1352.3333333333333,1415.5,1439.875
HARDWARE,2013-09,1565.0,0,30,0.0,2013-09-01,2013,9,1554.0,,1427.6666666666667,1412.6666666666667,1453.7777777777778
HARDWARE,2013-10,1424.0,0,31,0.0,2013-10-01,2013,10,1565.0,,1514.3333333333333,1412.8333333333333,1450.8
HARDWARE,2013-11,1501.0,0,30,0.0,2013-11-01,2013,11,1424.0,,1496.6666666666667,1424.5,1455.3636363636363
HARDWARE,2013-12,1525.0,0,31,0.0,2013-12-01,2013,12,1501.0,,1483.3333333333333,1455.5,1461.1666666666667
HARDWARE,2014-01,2199.0,0,31,0.0,2014-01-01,2014,1,1525.0,1612.0,1741.6666666666667,1628.0,1510.0833333333333
HARDWARE,2014-02,1476.0,0,28,0.0,2014-02-01,2014,2,2199.0,1414.0,1733.3333333333333,1615.0,1515.25
HARDWARE,2014-03,2185.0,0,31,0.0,2014-03-01,2014,3,1476.0,1582.0,1953.3333333333333,1718.3333333333333,1565.5
HARDWARE,2014-04,1397.0,0,30,0.0,2014-04-01,2014,4,2185.0,1423.0,1686.0,1713.8333333333333,1563.3333333333333
HARDWARE,2014-05,1519.0,0,31,0.0,2014-05-01,2014,5,1397.0,1431.0,1700.3333333333333,1716.8333333333333,1570.6666666666667
HARDWARE,2014-06,1477.0,5,30,0.16666666666666666,2014-06-01,2014,6,1519.0,1339.0,1464.3333333333333,1708.8333333333333,1582.1666666666667
HARDWARE,2014-07,2042.0,6,31,0.1935483870967742,2014-07-01,2014,7,1477.0,1164.0,1679.3333333333333,1682.6666666666667,1655.3333333333333
HARDWARE,2014-08,1564.0,1,31,0.03225806451612903,2014-08-01,2014,8,2042.0,1554.0,1694.3333333333333,1697.3333333333333,1656.1666666666667
HARDWARE,2014-09,2103.0,4,30,0.13333333333333333,2014-09-01,2014,9,1564.0,1565.0,1903.0,1683.6666666666667,1701.0
HARDWARE,2014-10,1611.0,1,31,0.03225806451612903,2014-10-01,2014,10,2103.0,1424.0,1759.3333333333333,1719.3333333333333,1716.5833333333333
HARDWARE,2014-11,2200.0,1,30,0.03333333333333333,2014-11-01,2014,11,1611.0,1501.0,1971.3333333333333,1832.8333333333333,1774.8333333333333
HARDWARE,2014-12,2437.0,1,31,0.03225806451612903,2014-12-01,2014,12,2200.0,1525.0,2082.6666666666665,1992.8333333333333,1850.8333333333333
HARDWARE,2015-01,992.0,1,31,0.03225806451612903,2015-01-01,2015,1,2437.0,2199.0,1876.3333333333333,1817.8333333333333,1750.25
HARDWARE,2015-02,1630.0,2,28,0.07142857142857142,2015-02-01,2015,2,992.0,1476.0,1686.3333333333333,1828.8333333333333,1763.0833333333333
HARDWARE,2015-03,1724.0,4,31,0.12903225806451613,2015-03-01,2015,3,1630.0,2185.0,1448.6666666666667,1765.6666666666667,1724.6666666666667
HARDWARE,2015-04,1637.0,5,30,0.16666666666666666,2015-04-01,2015,4,1724.0,1397.0,1663.6666666666667,1770.0,1744.6666666666667
HARDWARE,2015-05,1608.0,3,31,0.0967741935483871,2015-05-01,2015,5,1637.0,1519.0,1656.3333333333333,1671.3333333333333,1752.0833333333333
HARDWARE,2015-06,1946.0,2,30,0.06666666666666667,2015-06-01,2015,6,1608.0,1477.0,1730.3333333333333,1589.5,1791.1666666666667
HARDWARE,2015-07,1962.0,6,31,0.1935483870967742,2015-07-01,2015,7,1946.0,2042.0,1838.6666666666667,1751.1666666666667,1784.5
HARDWARE,2015-08,2180.0,5,31,0.16129032258064516,2015-08-01,2015,8,1962.0,1564.0,2029.3333333333333,1842.8333333333333,1835.8333333333333
HARDWARE,2015-09,2119.0,1,30,0.03333333333333333,2015-09-01,2015,9,2180.0,2103.0,2087.0,1908.6666666666667,1837.1666666666667
HARDWARE,2015-10,2027.0,3,31,0.0967741935483871,2015-10-01,2015,10,2119.0,1611.0,2108.6666666666665,1973.6666666666667,1871.8333333333333
HARDWARE,2015-11,2160.0,1,30,0.03333333333333333,2015-11-01,2015,11,2027.0,2200.0,2102.0,2065.6666666666665,1868.5
HARDWARE,2015-12,2417.0,1,31,0.03225806451612903,2015-12-01,2015,12,2160.0,2437.0,2201.3333333333335,2144.1666666666665,1866.8333333333333
HARDWARE,2016-01,1846.0,1,31,0.03225806451612903,2016-01-01,2016,1,2417.0,992.0,2141.0,2124.8333333333335,1938.0
HARDWARE,2016-02,2107.0,1,29,0.034482758620689655,2016-02-01,2016,2,1846.0,1630.0,2123.3333333333335,2112.6666666666665,1977.75
HARDWARE,2016-03,2167.0,4,31,0.12903225806451613,2016-03-01,2016,3,2107.0,1724.0,2040.0,2120.6666666666665,2014.6666666666667
HARDWARE,2016-04,2385.0,6,30,0.2,2016-04-01,2016,4,2167.0,1637.0,2219.6666666666665,2180.3333333333335,2077.0
HARDWARE,2016-05,2001.0,65,31,2.096774193548387,2016-05-01,2016,5,2385.0,1608.0,2184.3333333333335,2153.8333333333335,2109.75
HARDWARE,2016-06,1722.0,3,30,0.1,2016-06-01,2016,6,2001.0,1946.0,2036.0,2038.0,2091.0833333333335
HARDWARE,2016-07,2013.0,1,31,0.03225806451612903,2016-07-01,2016,7,1722.0,1962.0,1912.0,2065.8333333333335,2095.3333333333335
HARDWARE,2016-08,1966.0,1,31,0.03225806451612903,2016-08-01,2016,8,2013.0,2180.0,1900.3333333333333,2042.3333333333333,2077.5
HARDWARE,2016-09,1610.0,2,30,0.06666666666666667,2016-09-01,2016,9,1966.0,2119.0,1863.0,1949.5,2035.0833333333333
HARDWARE,2016-10,1768.0,3,31,0.0967741935483871,2016-10-01,2016,10,1610.0,2027.0,1781.3333333333333,1846.6666666666667,2013.5
HARDWARE,2016-11,2090.0,2,30,0.06666666666666667,2016-11-01,2016,11,1768.0,2160.0,1822.6666666666667,1861.5,2007.6666666666667
HARDWARE,2016-12,2297.0,2,31,0.06451612903225806,2016-12-01,2016,12,2090.0,2417.0,2051.6666666666665,1957.3333333333333,1997.6666666666667
HARDWARE,2017-01,2015.0,0,31,0.0,2017-01-01,2017,1,2297.0,1846.0,2134.0,1957.6666666666667,2011.75
HARDWARE,2017-02,1894.0,1,28,0.03571428571428571,2017-02-01,2017,2,2015.0,2107.0,2068.6666666666665,1945.6666666666667,1994.0
HOME AND KITCHEN I,2013-02,0.0,0,28,0.0,2013-02-01,2013,2,0.0,,0.0,0.0,0.0
HOME AND KITCHEN I,2013-03,0.0,0,31,0.0,2013-03-01,2013,3,0.0,,0.0,0.0,0.0
HOME AND KITCHEN I,2013-04,0.0,0,30,0.0,2013-04-01,2013,4,0.0,,0.0,0.0,0.0
HOME AND KITCHEN I,2013-05,0.0,0,31,0.0,2013-05-01,2013,5,0.0,,0.0,0.0,0.0
HOME AND KITCHEN I,2013-06,0.0,0,30,0.0,2013-06-01,2013,6,0.0,,0.0,0.0,0.0
HOME AND KITCHEN I,2013-07,0.0,0,31,0.0,2013-07-01,2013,7,0.0,,0.0,0.0,0.0
HOME AND KITCHEN I,2013-08,0.0,0,31,0.0,2013-08-01,2013,8,0.0,,0.0,0.0,0.0
HOME AND KITCHEN I,2013-09,0.0,0,30,0.0,2013-09-01,2013,9,0.0,,0.0,0.0,0.0
HOME AND KITCHEN I,2013-10,0.0,0,31,0.0,2013-10-01,2013,10,0.0,,0.0,0.0,0.0
HOME AND KITCHEN I,2013-11,0.0,0,30,0.0,2013-11-01,2013,11,0.0,,0.0,0.0,0.0
HOME AND KITCHEN I,2013-12,0.0,0,31,0.0,2013-12-01,2013,12,0.0,,0.0,0.0,0.0
HOME AND KITCHEN I,2014-01,36092.0,0,31,0.0,2014-01-01,2014,1,0.0,0.0,12030.666666666666,6015.333333333333,3007.6666666666665
HOME AND KITCHEN I,2014-02,0.0,0,28,0.0,2014-02-01,2014,2,36092.0,0.0,12030.666666666666,6015.333333333333,3007.6666666666665
HOME AND KITCHEN I,2014-03,34705.0,0,31,0.0,2014-03-01,2014,3,0.0,0.0,23599.0,11799.5,5899.75
HOME AND KITCHEN I,2014-04,0.0,0,30,0.0,2014-04-01,2014,4,34705.0,0.0,11568.333333333334,11799.5,5899.75
HOME AND KITCHEN I,2014-05,0.0,0,31,0.0,2014-05-01,2014,5,0.0,0.0,11568.333333333334,11799.5,5899.75
HOME AND KITCHEN I,2014-06,0.0,0,30,0.0,2014-06-01,2014,6,0.0,0.0,0.0,11799.5,5899.75
HOME AND KITCHEN I,2014-07,41229.0,51,31,1.6451612903225807,2014-07-01,2014,7,0.0,0.0,13743.0,12655.666666666666,9335.5
HOME AND KITCHEN I,2014-08,0.0,0,31,0.0,2014-08-01,2014,8,41229.0,0.0,13743.0,12655.666666666666,9335.5
HOME AND KITCHEN I,2014-09,40569.0,44,30,1.4666666666666666,2014-09-01,2014,9,0.0,0.0,27266.0,13633.0,12716.25
HOME AND KITCHEN I,2014-10,44287.0,52,31,1.6774193548387097,2014-10-01,2014,10,40569.0,0.0,28285.333333333332,21014.166666666668,16406.833333333332
HOME AND KITCHEN I,2014-11,43126.0,24,30,0.8,2014-11-01,2014,11,44287.0,0.0,42660.666666666664,28201.833333333332,20000.666666666668
HOME AND KITCHEN I,2014-12,72326.0,34,31,1.096774193548387,2014-12-01,2014,12,43126.0,0.0,53246.333333333336,40256.166666666664,26027.833333333332
HOME AND KITCHEN I,2015-01,46108.0,34,31,1.096774193548387,2015-01-01,2015,1,72326.0,36092.0,53853.333333333336,41069.333333333336,26862.5
HOME AND KITCHEN I,2015-02,34611.0,29,28,1.0357142857142858,2015-02-01,2015,2,46108.0,0.0,51015.0,46837.833333333336,29746.75
HOME AND KITCHEN I,2015-03,38050.0,21,31,0.6774193548387096,2015-03-01,2015,3,34611.0,34705.0,39589.666666666664,46418.0,30025.5
HOME AND KITCHEN I,2015-04,37432.0,38,30,1.2666666666666666,2015-04-01,2015,4,38050.0,0.0,36697.666666666664,45275.5,33144.833333333336
HOME AND KITCHEN I,2015-05,42200.0,36,31,1.1612903225806452,2015-05-01,2015,5,37432.0,0.0,39227.333333333336,45121.166666666664,36661.5
HOME AND KITCHEN I,2015-06,40381.0,41,30,1.3666666666666667,2015-06-01,2015,6,42200.0,0.0,40004.333333333336,39797.0,40026.583333333336
HOME AND KITCHEN I,2015-07,45790.0,258,31,8.32258064516129,2015-07-01,2015,7,40381.0,41229.0,42790.333333333336,39744.0,40406.666666666664
HOME AND KITCHEN I,2015-08,41277.0,76,31,2.4516129032258065,2015-08-01,2015,8,45790.0,0.0,42482.666666666664,40855.0,43846.416666666664
HOME AND KITCHEN I,2015-09,45328.0,45,30,1.5,2015-09-01,2015,9,41277.0,40569.0,44131.666666666664,42068.0,44243.0
HOME AND KITCHEN I,2015-10,59354.0,57,31,1.8387096774193548,2015-10-01,2015,10,45328.0,44287.0,48653.0,45721.666666666664,45498.583333333336
HOME AND KITCHEN I,2015-11,55080.0,47,30,1.5666666666666667,2015-11-01,2015,11,59354.0,43126.0,53254.0,47868.333333333336,46494.75
HOME AND KITCHEN I,2015-12,73710.0,60,31,1.935483870967742,2015-12-01,2015,12,55080.0,72326.0,62714.666666666664,53423.166666666664,46610.083333333336
HOME AND KITCHEN I,2016-01,44227.0,28,31,0.9032258064516129,2016-01-01,2016,1,73710.0,46108.0,57672.333333333336,53162.666666666664,46453.333333333336
HOME AND KITCHEN I,2016-02,34421.0,25,29,0.8620689655172413,2016-02-01,2016,2,44227.0,34611.0,50786.0,52020.0,46437.5
HOME AND KITCHEN I,2016-03,42891.0,55,31,1.7741935483870968,2016-03-01,2016,3,34421.0,38050.0,40513.0,51613.833333333336,46840.916666666664
HOME AND KITCHEN I,2016-04,41988.0,77,30,2.566666666666667,2016-04-01,2016,4,42891.0,37432.0,39766.666666666664,48719.5,47220.583333333336
HOME AND KITCHEN I,2016-05,45617.0,736,31,23.741935483870968,2016-05-01,2016,5,41988.0,42200.0,43498.666666666664,47142.333333333336,47505.333333333336
HOME AND KITCHEN I,2016-06,45512.0,296,30,9.866666666666667,2016-06-01,2016,6,45617.0,40381.0,44372.333333333336,42442.666666666664,47932.916666666664
HOME AND KITCHEN I,2016-07,59254.0,1199,31,38.67741935483871,2016-07-01,2016,7,45512.0,45790.0,50127.666666666664,44947.166666666664,49054.916666666664
HOME AND KITCHEN I,2016-08,45010.0,552,31,17.806451612903224,2016-08-01,2016,8,59254.0,41277.0,49925.333333333336,46712.0,49366.0
HOME AND KITCHEN I,2016-09,46986.0,176,30,5.866666666666666,2016-09-01,2016,9,45010.0,45328.0,50416.666666666664,47394.5,49504.166666666664
HOME AND KITCHEN I,2016-10,47305.0,974,31,31.419354838709676,2016-10-01,2016,10,46986.0,59354.0,46433.666666666664,48280.666666666664,48500.083333333336
HOME AND KITCHEN I,2016-11,46169.0,1689,30,56.3,2016-11-01,2016,11,47305.0,55080.0,46820.0,48372.666666666664,47757.5
HOME AND KITCHEN I,2016-12,76651.0,6619,31,213.51612903225808,2016-12-01,2016,12,46169.0,73710.0,56708.333333333336,53562.5,48002.583333333336
HOME AND KITCHEN I,2017-01,75119.0,9194,31,296.5806451612903,2017-01-01,2017,1,76651.0,44227.0,65979.66666666667,56206.666666666664,50576.916666666664
HOME AND KITCHEN I,2017-02,58052.0,3664,28,130.85714285714286,2017-02-01,2017,2,75119.0,34421.0,69940.66666666667,58380.333333333336,52546.166666666664
HOME AND KITCHEN II,2013-02,0.0,0,28,0.0,2013-02-01,2013,2,0.0,,0.0,0.0,0.0
HOME AND KITCHEN II,2013-03,0.0,0,31,0.0,2013-03-01,2013,3,0.0,,0.0,0.0,0.0
HOME AND KITCHEN II,2013-04,0.0,0,30,0.0,2013-04-01,2013,4,0.0,,0.0,0.0,0.0
HOME AND KITCHEN II,2013-05,0.0,0,31,0.0,2013-05-01,2013,5,0.0,,0.0,0.0,0.0
HOME AND KITCHEN II,2013-06,0.0,0,30,0.0,2013-06-01,2013,6,0.0,,0.0,0.0,0.0
HOME AND KITCHEN II,2013-07,0.0,0,31,0.0,2013-07-01,2013,7,0.0,,0.0,0.0,0.0
HOME AND KITCHEN II,2013-08,0.0,0,31,0.0,2013-08-01,2013,8,0.0,,0.0,0.0,0.0
HOME AND KITCHEN II,2013-09,0.0,0,30,0.0,2013-09-01,2013,9,0.0,,0.0,0.0,0.0
HOME AND KITCHEN II,2013-10,0.0,0,31,0.0,2013-10-01,2013,10,0.0,,0.0,0.0,0.0
HOME AND KITCHEN II,2013-11,0.0,0,30,0.0,2013-11-01,2013,11,0.0,,0.0,0.0,0.0
HOME AND KITCHEN II,2013-12,0.0,0,31,0.0,2013-12-01,2013,12,0.0,,0.0,0.0,0.0
HOME AND KITCHEN II,2014-01,17155.0,0,31,0.0,2014-01-01,2014,1,0.0,0.0,5718.333333333333,2859.1666666666665,1429.5833333333333
HOME AND KITCHEN II,2014-02,0.0,0,28,0.0,2014-02-01,2014,2,17155.0,0.0,5718.333333333333,2859.1666666666665,1429.5833333333333
HOME AND KITCHEN II,2014-03,18247.0,0,31,0.0,2014-03-01,2014,3,0.0,0.0,11800.666666666666,5900.333333333333,2950.1666666666665
HOME AND KITCHEN II,2014-04,0.0,0,30,0.0,2014-04-01,2014,4,18247.0,0.0,6082.333333333333,5900.333333333333,2950.1666666666665
HOME AND KITCHEN II,2014-05,0.0,0,31,0.0,2014-05-01,2014,5,0.0,0.0,6082.333333333333,5900.333333333333,2950.1666666666665
HOME AND KITCHEN II,2014-06,0.0,0,30,0.0,2014-06-01,2014,6,0.0,0.0,0.0,5900.333333333333,2950.1666666666665
HOME AND KITCHEN II,2014-07,17353.0,20,31,0.6451612903225806,2014-07-01,2014,7,0.0,0.0,5784.333333333333,5933.333333333333,4396.25
HOME AND KITCHEN II,2014-08,0.0,0,31,0.0,2014-08-01,2014,8,17353.0,0.0,5784.333333333333,5933.333333333333,4396.25
HOME AND KITCHEN II,2014-09,17974.0,10,30,0.3333333333333333,2014-09-01,2014,9,0.0,0.0,11775.666666666666,5887.833333333333,5894.083333333333
HOME AND KITCHEN II,2014-10,18436.0,15,31,0.4838709677419355,2014-10-01,2014,10,17974.0,0.0,12136.666666666666,8960.5,7430.416666666667
HOME AND KITCHEN II,2014-11,18150.0,5,30,0.16666666666666666,2014-11-01,2014,11,18436.0,0.0,18186.666666666668,11985.5,8942.916666666666
HOME AND KITCHEN II,2014-12,25054.0,22,31,0.7096774193548387,2014-12-01,2014,12,18150.0,0.0,20546.666666666668,16161.166666666666,11030.75
HOME AND KITCHEN II,2015-01,23644.0,18,31,0.5806451612903226,2015-01-01,2015,1,25054.0,17155.0,22282.666666666668,17209.666666666668,11571.5
HOME AND KITCHEN II,2015-02,26125.0,13,28,0.4642857142857143,2015-02-01,2015,2,23644.0,0.0,24941.0,21563.833333333332,13748.583333333334
HOME AND KITCHEN II,2015-03,28568.0,18,31,0.5806451612903226,2015-03-01,2015,3,26125.0,18247.0,26112.333333333332,23329.5,14608.666666666666
HOME AND KITCHEN II,2015-04,26089.0,120,30,4.0,2015-04-01,2015,4,28568.0,0.0,26927.333333333332,24605.0,16782.75
HOME AND KITCHEN II,2015-05,37133.0,149,31,4.806451612903226,2015-05-01,2015,5,26089.0,0.0,30596.666666666668,27768.833333333332,19877.166666666668
HOME AND KITCHEN II,2015-06,46924.0,508,30,16.933333333333334,2015-06-01,2015,6,37133.0,0.0,36715.333333333336,31413.833333333332,23787.5
HOME AND KITCHEN II,2015-07,40924.0,155,31,5.0,2015-07-01,2015,7,46924.0,17353.0,41660.333333333336,34293.833333333336,25751.75
HOME AND KITCHEN II,2015-08,44678.0,24,31,0.7741935483870968,2015-08-01,2015,8,40924.0,0.0,44175.333333333336,37386.0,29474.916666666668
HOME AND KITCHEN II,2015-09,43258.0,19,30,0.6333333333333333,2015-09-01,2015,9,44678.0,17974.0,42953.333333333336,39834.333333333336,31581.916666666668
HOME AND KITCHEN II,2015-10,91028.0,364,31,11.741935483870968,2015-10-01,2015,10,43258.0,18436.0,59654.666666666664,50657.5,37631.25
HOME AND KITCHEN II,2015-11,34511.0,517,30,17.233333333333334,2015-11-01,2015,11,91028.0,18150.0,56265.666666666664,50220.5,38994.666666666664
HOME AND KITCHEN II,2015-12,59209.0,920,31,29.677419354838708,2015-12-01,2015,12,34511.0,25054.0,61582.666666666664,52268.0,41840.916666666664
HOME AND KITCHEN II,2016-01,47808.0,710,31,22.903225806451612,2016-01-01,2016,1,59209.0,23644.0,47176.0,53415.333333333336,43854.583333333336
HOME AND KITCHEN II,2016-02,49257.0,647,29,22.310344827586206,2016-02-01,2016,2,47808.0,26125.0,52091.333333333336,54178.5,45782.25
HOME AND KITCHEN II,2016-03,42174.0,630,31,20.322580645161292,2016-03-01,2016,3,49257.0,28568.0,46413.0,53997.833333333336,46916.083333333336
HOME AND KITCHEN II,2016-04,46397.0,777,30,25.9,2016-04-01,2016,4,42174.0,26089.0,45942.666666666664,46559.333333333336,48608.416666666664
HOME AND KITCHEN II,2016-05,45026.0,1074,31,34.645161290322584,2016-05-01,2016,5,46397.0,37133.0,44532.333333333336,48311.833333333336,49266.166666666664
HOME AND KITCHEN II,2016-06,39878.0,1022,30,34.06666666666667,2016-06-01,2016,6,45026.0,46924.0,43767.0,45090.0,48679.0
HOME AND KITCHEN II,2016-07,40157.0,848,31,27.35483870967742,2016-07-01,2016,7,39878.0,40924.0,41687.0,43814.833333333336,48615.083333333336
HOME AND KITCHEN II,2016-08,37050.0,654,31,21.096774193548388,2016-08-01,2016,8,40157.0,44678.0,39028.333333333336,41780.333333333336,47979.416666666664
HOME AND KITCHEN II,2016-09,38618.0,1090,30,36.333333333333336,2016-09-01,2016,9,37050.0,43258.0,38608.333333333336,41187.666666666664,47592.75
HOME AND KITCHEN II,2016-10,39857.0,1521,31,49.064516129032256,2016-10-01,2016,10,38618.0,91028.0,38508.333333333336,40097.666666666664,43328.5
HOME AND KITCHEN II,2016-11,42352.0,1156,30,38.53333333333333,2016-11-01,2016,11,39857.0,34511.0,40275.666666666664,39652.0,43981.916666666664
HOME AND KITCHEN II,2016-12,52481.0,3930,31,126.7741935483871,2016-12-01,2016,12,42352.0,59209.0,44896.666666666664,41752.5,43421.25
HOME AND KITCHEN II,2017-01,42719.0,1692,31,54.58064516129032,2017-01-01,2017,1,52481.0,47808.0,45850.666666666664,42179.5,42997.166666666664
HOME AND KITCHEN II,2017-02,44252.0,1655,28,59.107142857142854,2017-02-01,2017,2,42719.0,49257.0,46484.0,43379.833333333336,42580.083333333336
HOME APPLIANCES,2013-02,119.0,0,28,0.0,2013-02-01,2013,2,210.0,,164.5,164.5,164.5
HOME APPLIANCES,2013-03,1137.0,0,31,0.0,2013-03-01,2013,3,119.0,,488.6666666666667,488.6666666666667,488.6666666666667
HOME APPLIANCES,2013-04,1067.0,0,30,0.0,2013-04-01,2013,4,1137.0,,774.3333333333334,633.25,633.25
HOME APPLIANCES,2013-05,1046.0,0,31,0.0,2013-05-01,2013,5,1067.0,,1083.3333333333333,715.8,715.8
HOME APPLIANCES,2013-06,999.0,0,30,0.0,2013-06-01,2013,6,1046.0,,1037.3333333333333,763.0,763.0
HOME APPLIANCES,2013-07,846.0,0,31,0.0,2013-07-01,2013,7,999.0,,963.6666666666666,869.0,774.8571428571429
HOME APPLIANCES,2013-08,880.0,0,31,0.0,2013-08-01,2013,8,846.0,,908.3333333333334,995.8333333333334,788.0
HOME APPLIANCES,2013-09,909.0,0,30,0.0,2013-09-01,2013,9,880.0,,878.3333333333334,957.8333333333334,801.4444444444445
HOME APPLIANCES,2013-10,792.0,0,31,0.0,2013-10-01,2013,10,909.0,,860.3333333333334,912.0,800.5
HOME APPLIANCES,2013-11,880.0,0,30,0.0,2013-11-01,2013,11,792.0,,860.3333333333334,884.3333333333334,807.7272727272727
HOME APPLIANCES,2013-12,892.0,0,31,0.0,2013-12-01,2013,12,880.0,,854.6666666666666,866.5,814.75
HOME APPLIANCES,2014-01,835.0,0,31,0.0,2014-01-01,2014,1,892.0,210.0,869.0,864.6666666666666,866.8333333333334
HOME APPLIANCES,2014-02,928.0,0,28,0.0,2014-02-01,2014,2,835.0,119.0,885.0,872.6666666666666,934.25
HOME APPLIANCES,2014-03,1040.0,0,31,0.0,2014-03-01,2014,3,928.0,1137.0,934.3333333333334,894.5,926.1666666666666
HOME APPLIANCES,2014-04,961.0,1,30,0.03333333333333333,2014-04-01,2014,4,1040.0,1067.0,976.3333333333334,922.6666666666666,917.3333333333334
HOME APPLIANCES,2014-05,655.0,0,31,0.0,2014-05-01,2014,5,961.0,1046.0,885.3333333333334,885.1666666666666,884.75
HOME APPLIANCES,2014-06,593.0,2,30,0.06666666666666667,2014-06-01,2014,6,655.0,999.0,736.3333333333334,835.3333333333334,850.9166666666666
HOME APPLIANCES,2014-07,644.0,1,31,0.03225806451612903,2014-07-01,2014,7,593.0,846.0,630.6666666666666,803.5,834.0833333333334
HOME APPLIANCES,2014-08,867.0,2,31,0.06451612903225806,2014-08-01,2014,8,644.0,880.0,701.3333333333334,793.3333333333334,833.0
HOME APPLIANCES,2014-09,964.0,0,30,0.0,2014-09-01,2014,9,867.0,909.0,825.0,780.6666666666666,837.5833333333334
HOME APPLIANCES,2014-10,818.0,0,31,0.0,2014-10-01,2014,10,964.0,792.0,883.0,756.8333333333334,839.75
HOME APPLIANCES,2014-11,200.0,0,30,0.0,2014-11-01,2014,11,818.0,880.0,660.6666666666666,681.0,783.0833333333334
HOME APPLIANCES,2014-12,636.0,2,31,0.06451612903225806,2014-12-01,2014,12,200.0,892.0,551.3333333333334,688.1666666666666,761.75
HOME APPLIANCES,2015-01,1074.0,0,31,0.0,2015-01-01,2015,1,636.0,835.0,636.6666666666666,759.8333333333334,781.6666666666666
HOME APPLIANCES,2015-02,959.0,0,28,0.0,2015-02-01,2015,2,1074.0,928.0,889.6666666666666,775.1666666666666,784.25
HOME APPLIANCES,2015-03,1301.0,0,31,0.0,2015-03-01,2015,3,959.0,1040.0,1111.3333333333333,831.3333333333334,806.0
HOME APPLIANCES,2015-04,1131.0,0,30,0.0,2015-04-01,2015,4,1301.0,961.0,1130.3333333333333,883.5,820.1666666666666
HOME APPLIANCES,2015-05,866.0,1,31,0.03225806451612903,2015-05-01,2015,5,1131.0,655.0,1099.3333333333333,994.5,837.75
HOME APPLIANCES,2015-06,185.0,0,30,0.0,2015-06-01,2015,6,866.0,593.0,727.3333333333334,919.3333333333334,803.75
HOME APPLIANCES,2015-07,26.0,0,31,0.0,2015-07-01,2015,7,185.0,644.0,359.0,744.6666666666666,752.25
HOME APPLIANCES,2015-08,644.0,0,31,0.0,2015-08-01,2015,8,26.0,867.0,285.0,692.1666666666666,733.6666666666666
HOME APPLIANCES,2015-09,317.0,0,30,0.0,2015-09-01,2015,9,644.0,964.0,329.0,528.1666666666666,679.75
HOME APPLIANCES,2015-10,758.0,0,31,0.0,2015-10-01,2015,10,317.0,818.0,573.0,466.0,674.75
HOME APPLIANCES,2015-11,904.0,0,30,0.0,2015-11-01,2015,11,758.0,200.0,659.6666666666666,472.3333333333333,733.4166666666666
HOME APPLIANCES,2015-12,992.0,2,31,0.06451612903225806,2015-12-01,2015,12,904.0,636.0,884.6666666666666,606.8333333333334,763.0833333333334
HOME APPLIANCES,2016-01,979.0,1,31,0.03225806451612903,2016-01-01,2016,1,992.0,1074.0,958.3333333333334,765.6666666666666,755.1666666666666
HOME APPLIANCES,2016-02,950.0,0,29,0.0,2016-02-01,2016,2,979.0,959.0,973.6666666666666,816.6666666666666,754.4166666666666
HOME APPLIANCES,2016-03,503.0,0,31,0.0,2016-03-01,2016,3,950.0,1301.0,810.6666666666666,847.6666666666666,687.9166666666666
HOME APPLIANCES,2016-04,430.0,0,30,0.0,2016-04-01,2016,4,503.0,1131.0,627.6666666666666,793.0,629.5
HOME APPLIANCES,2016-05,1020.0,18,31,0.5806451612903226,2016-05-01,2016,5,430.0,866.0,651.0,812.3333333333334,642.3333333333334
HOME APPLIANCES,2016-06,455.0,1,30,0.03333333333333333,2016-06-01,2016,6,1020.0,185.0,635.0,722.8333333333334,664.8333333333334
HOME APPLIANCES,2016-07,358.0,0,31,0.0,2016-07-01,2016,7,455.0,26.0,611.0,619.3333333333334,692.5
HOME APPLIANCES,2016-08,537.0,0,31,0.0,2016-08-01,2016,8,358.0,644.0,450.0,550.5,683.5833333333334
HOME APPLIANCES,2016-09,399.0,0,30,0.0,2016-09-01,2016,9,537.0,317.0,431.3333333333333,533.1666666666666,690.4166666666666
HOME APPLIANCES,2016-10,188.0,6,31,0.1935483870967742,2016-10-01,2016,10,399.0,758.0,374.6666666666667,492.8333333333333,642.9166666666666
HOME APPLIANCES,2016-11,225.0,0,30,0.0,2016-11-01,2016,11,188.0,904.0,270.6666666666667,360.3333333333333,586.3333333333334
HOME APPLIANCES,2016-12,489.0,0,31,0.0,2016-12-01,2016,12,225.0,992.0,300.6666666666667,366.0,544.4166666666666
HOME APPLIANCES,2017-01,760.0,0,31,0.0,2017-01-01,2017,1,489.0,979.0,491.3333333333333,433.0,526.1666666666666
HOME APPLIANCES,2017-02,909.0,0,28,0.0,2017-02-01,2017,2,760.0,950.0,719.3333333333334,495.0,522.75
HOME CARE,2013-02,0.0,0,28,0.0,2013-02-01,2013,2,0.0,,0.0,0.0,0.0
HOME CARE,2013-03,0.0,0,31,0.0,2013-03-01,2013,3,0.0,,0.0,0.0,0.0
HOME CARE,2013-04,0.0,0,30,0.0,2013-04-01,2013,4,0.0,,0.0,0.0,0.0
HOME CARE,2013-05,0.0,0,31,0.0,2013-05-01,2013,5,0.0,,0.0,0.0,0.0
HOME CARE,2013-06,0.0,0,30,0.0,2013-06-01,2013,6,0.0,,0.0,0.0,0.0
HOME CARE,2013-07,0.0,0,31,0.0,2013-07-01,2013,7,0.0,,0.0,0.0,0.0
HOME CARE,2013-08,0.0,0,31,0.0,2013-08-01,2013,8,0.0,,0.0,0.0,0.0
HOME CARE,2013-09,0.0,0,30,0.0,2013-09-01,2013,9,0.0,,0.0,0.0,0.0
HOME CARE,2013-10,0.0,0,31,0.0,2013-10-01,2013,10,0.0,,0.0,0.0,0.0
HOME CARE,2013-11,0.0,0,30,0.0,2013-11-01,2013,11,0.0,,0.0,0.0,0.0
HOME CARE,2013-12,0.0,0,31,0.0,2013-12-01,2013,12,0.0,,0.0,0.0,0.0
HOME CARE,2014-01,435920.0,0,31,0.0,2014-01-01,2014,1,0.0,0.0,145306.66666666666,72653.33333333333,36326.666666666664
HOME CARE,2014-02,0.0,0,28,0.0,2014-02-01,2014,2,435920.0,0.0,145306.66666666666,72653.33333333333,36326.666666666664
HOME CARE,2014-03,433804.0,0,31,0.0,2014-03-01,2014,3,0.0,0.0,289908.0,144954.0,72477.0
HOME CARE,2014-04,0.0,0,30,0.0,2014-04-01,2014,4,433804.0,0.0,144601.33333333334,144954.0,72477.0
HOME CARE,2014-05,0.0,0,31,0.0,2014-05-01,2014,5,0.0,0.0,144601.33333333334,144954.0,72477.0
HOME CARE,2014-06,0.0,0,30,0.0,2014-06-01,2014,6,0.0,0.0,0.0,144954.0,72477.0
HOME CARE,2014-07,426838.0,752,31,24.258064516129032,2014-07-01,2014,7,0.0,0.0,142279.33333333334,143440.33333333334,108046.83333333333
HOME CARE,2014-08,0.0,0,31,0.0,2014-08-01,2014,8,426838.0,0.0,142279.33333333334,143440.33333333334,108046.83333333333
HOME CARE,2014-09,426419.0,100,30,3.3333333333333335,2014-09-01,2014,9,0.0,0.0,284419.0,142209.5,143581.75
HOME CARE,2014-10,430591.0,394,31,12.709677419354838,2014-10-01,2014,10,426419.0,0.0,285670.0,213974.66666666666,179464.33333333334
HOME CARE,2014-11,414424.0,481,30,16.033333333333335,2014-11-01,2014,11,430591.0,0.0,423811.3333333333,283045.3333333333,213999.66666666666
HOME CARE,2014-12,441482.0,548,31,17.677419354838708,2014-12-01,2014,12,414424.0,0.0,428832.3333333333,356625.6666666667,250789.83333333334
HOME CARE,2015-01,0.0,0,31,0.0,2015-01-01,2015,1,441482.0,435920.0,285302.0,285486.0,214463.16666666666
HOME CARE,2015-02,0.0,0,28,0.0,2015-02-01,2015,2,0.0,0.0,147160.66666666666,285486.0,214463.16666666666
HOME CARE,2015-03,0.0,0,31,0.0,2015-03-01,2015,3,0.0,433804.0,0.0,214416.16666666666,178312.83333333334
HOME CARE,2015-04,0.0,0,30,0.0,2015-04-01,2015,4,0.0,0.0,0.0,142651.0,178312.83333333334
HOME CARE,2015-05,389532.0,1251,31,40.354838709677416,2015-05-01,2015,5,0.0,0.0,129844.0,138502.33333333334,210773.83333333334
HOME CARE,2015-06,432310.0,1315,30,43.833333333333336,2015-06-01,2015,6,389532.0,0.0,273947.3333333333,136973.66666666666,246799.66666666666
HOME CARE,2015-07,465652.0,159,31,5.129032258064516,2015-07-01,2015,7,432310.0,426838.0,429164.6666666667,214582.33333333334,250034.16666666666
HOME CARE,2015-08,495183.0,200,31,6.451612903225806,2015-08-01,2015,8,465652.0,0.0,464381.6666666667,297112.8333333333,291299.4166666667
HOME CARE,2015-09,464185.0,1592,30,53.06666666666667,2015-09-01,2015,9,495183.0,426419.0,475006.6666666667,374477.0,294446.5833333333
HOME CARE,2015-10,460249.0,995,31,32.096774193548384,2015-10-01,2015,10,464185.0,430591.0,473205.6666666667,451185.1666666667,296918.0833333333
HOME CARE,2015-11,432222.0,217,30,7.233333333333333,2015-11-01,2015,11,460249.0,414424.0,452218.6666666667,458300.1666666667,298401.25
HOME CARE,2015-12,480217.0,519,31,16.741935483870968,2015-12-01,2015,12,432222.0,441482.0,457562.6666666667,466284.6666666667,301629.1666666667
HOME CARE,2016-01,474959.0,413,31,13.32258064516129,2016-01-01,2016,1,480217.0,0.0,462466.0,467835.8333333333,341209.0833333333
HOME CARE,2016-02,418817.0,449,29,15.482758620689655,2016-02-01,2016,2,474959.0,0.0,457997.6666666667,455108.1666666667,376110.5
HOME CARE,2016-03,439423.0,857,31,27.64516129032258,2016-03-01,2016,3,418817.0,0.0,444399.6666666667,450981.1666666667,412729.0833333333
HOME CARE,2016-04,540762.0,2384,30,79.46666666666667,2016-04-01,2016,4,439423.0,0.0,466334.0,464400.0,457792.5833333333
HOME CARE,2016-05,480596.0,7443,31,240.09677419354838,2016-05-01,2016,5,540762.0,389532.0,486927.0,472462.3333333333,465381.25
HOME CARE,2016-06,414720.0,4569,30,152.3,2016-06-01,2016,6,480596.0,432310.0,478692.6666666667,461546.1666666667,463915.4166666667
HOME CARE,2016-07,477706.0,6439,31,207.70967741935485,2016-07-01,2016,7,414720.0,465652.0,457674.0,462004.0,464919.9166666667
HOME CARE,2016-08,458403.0,8109,31,261.5806451612903,2016-08-01,2016,8,477706.0,495183.0,450276.3333333333,468601.6666666667,461854.9166666667
HOME CARE,2016-09,456890.0,11331,30,377.7,2016-09-01,2016,9,458403.0,464185.0,464333.0,471512.8333333333,461247.0
HOME CARE,2016-10,476315.0,13955,31,450.16129032258067,2016-10-01,2016,10,456890.0,460249.0,463869.3333333333,460771.6666666667,462585.8333333333
HOME CARE,2016-11,490281.0,14222,30,474.06666666666666,2016-11-01,2016,11,476315.0,432222.0,474495.3333333333,462385.8333333333,467424.0833333333
HOME CARE,2016-12,501721.0,8629,31,278.35483870967744,2016-12-01,2016,12,490281.0,480217.0,489439.0,476886.0,469216.0833333333
HOME CARE,2017-01,521093.0,11369,31,366.741935483871,2017-01-01,2017,1,501721.0,474959.0,504365.0,484117.1666666667,473060.5833333333
HOME CARE,2017-02,459063.0,10156,28,362.7142857142857,2017-02-01,2017,2,521093.0,418817.0,493959.0,484227.1666666667,476414.4166666667
LADIESWEAR,2013-02,0.0,0,28,0.0,2013-02-01,2013,2,0.0,,0.0,0.0,0.0
LADIESWEAR,2013-03,0.0,0,31,0.0,2013-03-01,2013,3,0.0,,0.0,0.0,0.0
LADIESWEAR,2013-04,0.0,0,30,0.0,2013-04-01,2013,4,0.0,,0.0,0.0,0.0
LADIESWEAR,2013-05,0.0,0,31,0.0,2013-05-01,2013,5,0.0,,0.0,0.0,0.0
LADIESWEAR,2013-06,0.0,0,30,0.0,2013-06-01,2013,6,0.0,,0.0,0.0,0.0
LADIESWEAR,2013-07,0.0,0,31,0.0,2013-07-01,2013,7,0.0,,0.0,0.0,0.0
LADIESWEAR,2013-08,0.0,0,31,0.0,2013-08-01,2013,8,0.0,,0.0,0.0,0.0
LADIESWEAR,2013-09,0.0,0,30,0.0,2013-09-01,2013,9,0.0,,0.0,0.0,0.0
LADIESWEAR,2013-10,0.0,0,31,0.0,2013-10-01,2013,10,0.0,,0.0,0.0,0.0
LADIESWEAR,2013-11,0.0,0,30,0.0,2013-11-01,2013,11,0.0,,0.0,0.0,0.0
LADIESWEAR,2013-12,0.0,0,31,0.0,2013-12-01,2013,12,0.0,,0.0,0.0,0.0
LADIESWEAR,2014-01,20131.0,0,31,0.0,2014-01-01,2014,1,0.0,0.0,6710.333333333333,3355.1666666666665,1677.5833333333333
LADIESWEAR,2014-02,0.0,0,28,0.0,2014-02-01,2014,2,20131.0,0.0,6710.333333333333,3355.1666666666665,1677.5833333333333
LADIESWEAR,2014-03,19608.0,0,31,0.0,2014-03-01,2014,3,0.0,0.0,13246.333333333334,6623.166666666667,3311.5833333333335
LADIESWEAR,2014-04,0.0,0,30,0.0,2014-04-01,2014,4,19608.0,0.0,6536.0,6623.166666666667,3311.5833333333335
LADIESWEAR,2014-05,0.0,0,31,0.0,2014-05-01,2014,5,0.0,0.0,6536.0,6623.166666666667,3311.5833333333335
LADIESWEAR,2014-06,0.0,0,30,0.0,2014-06-01,2014,6,0.0,0.0,0.0,6623.166666666667,3311.5833333333335
LADIESWEAR,2014-07,19988.0,11,31,0.3548387096774194,2014-07-01,2014,7,0.0,0.0,6662.666666666667,6599.333333333333,4977.25
LADIESWEAR,2014-08,0.0,0,31,0.0,2014-08-01,2014,8,19988.0,0.0,6662.666666666667,6599.333333333333,4977.25
LADIESWEAR,2014-09,21962.0,3,30,0.1,2014-09-01,2014,9,0.0,0.0,13983.333333333334,6991.666666666667,6807.416666666667
LADIESWEAR,2014-10,21009.0,7,31,0.22580645161290322,2014-10-01,2014,10,21962.0,0.0,14323.666666666666,10493.166666666666,8558.166666666666
LADIESWEAR,2014-11,20830.0,19,30,0.6333333333333333,2014-11-01,2014,11,21009.0,0.0,21267.0,13964.833333333334,10294.0
LADIESWEAR,2014-12,22165.0,41,31,1.3225806451612903,2014-12-01,2014,12,20830.0,0.0,21334.666666666668,17659.0,12141.083333333334
LADIESWEAR,2015-01,0.0,0,31,0.0,2015-01-01,2015,1,22165.0,20131.0,14331.666666666666,14327.666666666666,10463.5
LADIESWEAR,2015-02,0.0,0,28,0.0,2015-02-01,2015,2,0.0,0.0,7388.333333333333,14327.666666666666,10463.5
LADIESWEAR,2015-03,0.0,0,31,0.0,2015-03-01,2015,3,0.0,19608.0,0.0,10667.333333333334,8829.5
LADIESWEAR,2015-04,0.0,0,30,0.0,2015-04-01,2015,4,0.0,0.0,0.0,7165.833333333333,8829.5
LADIESWEAR,2015-05,0.0,0,31,0.0,2015-05-01,2015,5,0.0,0.0,0.0,3694.1666666666665,8829.5
LADIESWEAR,2015-06,20263.0,5,30,0.16666666666666666,2015-06-01,2015,6,0.0,0.0,6754.333333333333,3377.1666666666665,10518.083333333334
LADIESWEAR,2015-07,19655.0,7,31,0.22580645161290322,2015-07-01,2015,7,20263.0,19988.0,13306.0,6653.0,10490.333333333334
LADIESWEAR,2015-08,20255.0,11,31,0.3548387096774194,2015-08-01,2015,8,19655.0,0.0,20057.666666666668,10028.833333333334,12178.25
LADIESWEAR,2015-09,20785.0,8,30,0.26666666666666666,2015-09-01,2015,9,20255.0,21962.0,20231.666666666668,13493.0,12080.166666666666
LADIESWEAR,2015-10,18756.0,2,31,0.06451612903225806,2015-10-01,2015,10,20785.0,21009.0,19932.0,16619.0,11892.416666666666
LADIESWEAR,2015-11,18063.0,4,30,0.13333333333333333,2015-11-01,2015,11,18756.0,20830.0,19201.333333333332,19629.5,11661.833333333334
LADIESWEAR,2015-12,19045.0,250,31,8.064516129032258,2015-12-01,2015,12,18063.0,22165.0,18621.333333333332,19426.5,11401.833333333334
LADIESWEAR,2016-01,18331.0,2,31,0.06451612903225806,2016-01-01,2016,1,19045.0,0.0,18479.666666666668,19205.833333333332,12929.416666666666
LADIESWEAR,2016-02,16438.0,6,29,0.20689655172413793,2016-02-01,2016,2,18331.0,0.0,17938.0,18569.666666666668,14299.25
LADIESWEAR,2016-03,18504.0,9,31,0.2903225806451613,2016-03-01,2016,3,16438.0,0.0,17757.666666666668,18189.5,15841.25
LADIESWEAR,2016-04,18301.0,9,30,0.3,2016-04-01,2016,4,18504.0,0.0,17747.666666666668,18113.666666666668,17366.333333333332
LADIESWEAR,2016-05,20948.0,156,31,5.032258064516129,2016-05-01,2016,5,18301.0,0.0,19251.0,18594.5,19112.0
LADIESWEAR,2016-06,18149.0,6,30,0.2,2016-06-01,2016,6,20948.0,20263.0,19132.666666666668,18445.166666666668,18935.833333333332
LADIESWEAR,2016-07,19037.0,6,31,0.1935483870967742,2016-07-01,2016,7,18149.0,19655.0,19378.0,18562.833333333332,18884.333333333332
LADIESWEAR,2016-08,17133.0,5,31,0.16129032258064516,2016-08-01,2016,8,19037.0,20255.0,18106.333333333332,18678.666666666668,18624.166666666668
LADIESWEAR,2016-09,19328.0,4,30,0.13333333333333333,2016-09-01,2016,9,17133.0,20785.0,18499.333333333332,18816.0,18502.75
LADIESWEAR,2016-10,19503.0,261,31,8.419354838709678,2016-10-01,2016,10,19328.0,18756.0,18654.666666666668,19016.333333333332,18565.0
LADIESWEAR,2016-11,17775.0,54,30,1.8,2016-11-01,2016,11,19503.0,18063.0,18868.666666666668,18487.5,18541.0
LADIESWEAR,2016-12,18174.0,6,31,0.1935483870967742,2016-12-01,2016,12,17775.0,19045.0,18484.0,18491.666666666668,18468.416666666668
LADIESWEAR,2017-01,20809.0,2,31,0.06451612903225806,2017-01-01,2017,1,18174.0,18331.0,18919.333333333332,18787.0,18674.916666666668
LADIESWEAR,2017-02,17874.0,3,28,0.10714285714285714,2017-02-01,2017,2,20809.0,16438.0,18952.333333333332,18910.5,18794.583333333332
LAWN AND GARDEN,2013-02,3625.0,0,28,0.0,2013-02-01,2013,2,3808.0,,3716.5,3716.5,3716.5
LAWN AND GARDEN,2013-03,4413.0,0,31,0.0,2013-03-01,2013,3,3625.0,,3948.6666666666665,3948.6666666666665,3948.6666666666665
LAWN AND GARDEN,2013-04,4029.0,0,30,0.0,2013-04-01,2013,4,4413.0,,4022.3333333333335,3968.75,3968.75
LAWN AND GARDEN,2013-05,4514.0,0,31,0.0,2013-05-01,2013,5,4029.0,,4318.666666666667,4077.8,4077.8
LAWN AND GARDEN,2013-06,4533.0,0,30,0.0,2013-06-01,2013,6,4514.0,,4358.666666666667,4153.666666666667,4153.666666666667
LAWN AND GARDEN,2013-07,3980.0,0,31,0.0,2013-07-01,2013,7,4533.0,,4342.333333333333,4182.333333333333,4128.857142857143
LAWN AND GARDEN,2013-08,4264.0,0,31,0.0,2013-08-01,2013,8,3980.0,,4259.0,4288.833333333333,4145.75
LAWN AND GARDEN,2013-09,4310.0,0,30,0.0,2013-09-01,2013,9,4264.0,,4184.666666666667,4271.666666666667,4164.0
LAWN AND GARDEN,2013-10,4406.0,0,31,0.0,2013-10-01,2013,10,4310.0,,4326.666666666667,4334.5,4188.2
LAWN AND GARDEN,2013-11,4192.0,0,30,0.0,2013-11-01,2013,11,4406.0,,4302.666666666667,4280.833333333333,4188.545454545455
LAWN AND GARDEN,2013-12,5097.0,0,31,0.0,2013-12-01,2013,12,4192.0,,4565.0,4374.833333333333,4264.25
LAWN AND GARDEN,2014-01,5787.0,0,31,0.0,2014-01-01,2014,1,5097.0,3808.0,5025.333333333333,4676.0,4429.166666666667
LAWN AND GARDEN,2014-02,5085.0,0,28,0.0,2014-02-01,2014,2,5787.0,3625.0,5323.0,4812.833333333333,4550.833333333333
LAWN AND GARDEN,2014-03,7685.0,0,31,0.0,2014-03-01,2014,3,5085.0,4413.0,6185.666666666667,5375.333333333333,4823.5
LAWN AND GARDEN,2014-04,6298.0,0,30,0.0,2014-04-01,2014,4,7685.0,4029.0,6356.0,5690.666666666667,5012.583333333333
LAWN AND GARDEN,2014-05,7093.0,24,31,0.7741935483870968,2014-05-01,2014,5,6298.0,4514.0,7025.333333333333,6174.166666666667,5227.5
LAWN AND GARDEN,2014-06,5871.0,38,30,1.2666666666666666,2014-06-01,2014,6,7093.0,4533.0,6420.666666666667,6303.166666666667,5339.0
LAWN AND GARDEN,2014-07,7230.0,123,31,3.967741935483871,2014-07-01,2014,7,5871.0,3980.0,6731.333333333333,6543.666666666667,5609.833333333333
LAWN AND GARDEN,2014-08,7461.0,116,31,3.7419354838709675,2014-08-01,2014,8,7230.0,4264.0,6854.0,6939.666666666667,5876.25
LAWN AND GARDEN,2014-09,6789.0,112,30,3.7333333333333334,2014-09-01,2014,9,7461.0,4310.0,7160.0,6790.333333333333,6082.833333333333
LAWN AND GARDEN,2014-10,8194.0,158,31,5.096774193548387,2014-10-01,2014,10,6789.0,4406.0,7481.333333333333,7106.333333333333,6398.5
LAWN AND GARDEN,2014-11,7496.0,116,30,3.8666666666666667,2014-11-01,2014,11,8194.0,4192.0,7493.0,7173.5,6673.833333333333
LAWN AND GARDEN,2014-12,7666.0,163,31,5.258064516129032,2014-12-01,2014,12,7496.0,5097.0,7785.333333333333,7472.666666666667,6887.916666666667
LAWN AND GARDEN,2015-01,6882.0,121,31,3.903225806451613,2015-01-01,2015,1,7666.0,5787.0,7348.0,7414.666666666667,6979.166666666667
LAWN AND GARDEN,2015-02,7400.0,131,28,4.678571428571429,2015-02-01,2015,2,6882.0,5085.0,7316.0,7404.5,7172.083333333333
LAWN AND GARDEN,2015-03,7694.0,123,31,3.967741935483871,2015-03-01,2015,3,7400.0,7685.0,7325.333333333333,7555.333333333333,7172.833333333333
LAWN AND GARDEN,2015-04,7340.0,145,30,4.833333333333333,2015-04-01,2015,4,7694.0,6298.0,7478.0,7413.0,7259.666666666667
LAWN AND GARDEN,2015-05,8351.0,122,31,3.935483870967742,2015-05-01,2015,5,7340.0,7093.0,7795.0,7555.5,7364.5
LAWN AND GARDEN,2015-06,7434.0,133,30,4.433333333333334,2015-06-01,2015,6,8351.0,5871.0,7708.333333333333,7516.833333333333,7494.75
LAWN AND GARDEN,2015-07,7649.0,164,31,5.290322580645161,2015-07-01,2015,7,7434.0,7230.0,7811.333333333333,7644.666666666667,7529.666666666667
LAWN AND GARDEN,2015-08,7424.0,125,31,4.032258064516129,2015-08-01,2015,8,7649.0,7461.0,7502.333333333333,7648.666666666667,7526.583333333333
LAWN AND GARDEN,2015-09,7567.0,170,30,5.666666666666667,2015-09-01,2015,9,7424.0,6789.0,7546.666666666667,7627.5,7591.416666666667
LAWN AND GARDEN,2015-10,8367.0,131,31,4.225806451612903,2015-10-01,2015,10,7567.0,8194.0,7786.0,7798.666666666667,7605.833333333333
LAWN AND GARDEN,2015-11,7569.0,137,30,4.566666666666666,2015-11-01,2015,11,8367.0,7496.0,7834.333333333333,7668.333333333333,7611.916666666667
LAWN AND GARDEN,2015-12,7822.0,161,31,5.193548387096774,2015-12-01,2015,12,7569.0,7666.0,7919.333333333333,7733.0,7624.916666666667
LAWN AND GARDEN,2016-01,7585.0,137,31,4.419354838709677,2016-01-01,2016,1,7822.0,6882.0,7658.666666666667,7722.333333333333,7683.5
LAWN AND GARDEN,2016-02,7977.0,128,29,4.413793103448276,2016-02-01,2016,2,7585.0,7400.0,7794.666666666667,7814.5,7731.583333333333
LAWN AND GARDEN,2016-03,8285.0,178,31,5.741935483870968,2016-03-01,2016,3,7977.0,7694.0,7949.0,7934.166666666667,7780.833333333333
LAWN AND GARDEN,2016-04,7710.0,146,30,4.866666666666666,2016-04-01,2016,4,8285.0,7340.0,7990.666666666667,7824.666666666667,7811.666666666667
LAWN AND GARDEN,2016-05,8964.0,159,31,5.129032258064516,2016-05-01,2016,5,7710.0,8351.0,8319.666666666666,8057.166666666667,7862.75
LAWN AND GARDEN,2016-06,8484.0,152,30,5.066666666666666,2016-06-01,2016,6,8964.0,7434.0,8386.0,8167.5,7950.25
LAWN AND GARDEN,2016-07,8640.0,121,31,3.903225806451613,2016-07-01,2016,7,8484.0,7649.0,8696.0,8343.333333333334,8032.833333333333
LAWN AND GARDEN,2016-08,8968.0,160,31,5.161290322580645,2016-08-01,2016,8,8640.0,7424.0,8697.333333333334,8508.5,8161.5
LAWN AND GARDEN,2016-09,8620.0,117,30,3.9,2016-09-01,2016,9,8968.0,7567.0,8742.666666666666,8564.333333333334,8249.25
LAWN AND GARDEN,2016-10,8571.0,153,31,4.935483870967742,2016-10-01,2016,10,8620.0,8367.0,8719.666666666666,8707.833333333334,8266.25
LAWN AND GARDEN,2016-11,8859.0,152,30,5.066666666666666,2016-11-01,2016,11,8571.0,7569.0,8683.333333333334,8690.333333333334,8373.75
LAWN AND GARDEN,2016-12,25936.0,746,31,24.06451612903226,2016-12-01,2016,12,8859.0,7822.0,14455.333333333334,11599.0,9883.25
LAWN AND GARDEN,2017-01,24145.0,738,31,23.806451612903224,2017-01-01,2017,1,25936.0,7585.0,19646.666666666668,14183.166666666666,11263.25
LAWN AND GARDEN,2017-02,29609.0,636,28,22.714285714285715,2017-02-01,2017,2,24145.0,7977.0,26563.333333333332,17623.333333333332,13065.916666666666
LINGERIE,2013-02,15453.0,0,28,0.0,2013-02-01,2013,2,18266.0,,16859.5,16859.5,16859.5
LINGERIE,2013-03,13302.0,0,31,0.0,2013-03-01,2013,3,15453.0,,15673.666666666666,15673.666666666666,15673.666666666666
LINGERIE,2013-04,12736.0,0,30,0.0,2013-04-01,2013,4,13302.0,,13830.333333333334,14939.25,14939.25
LINGERIE,2013-05,13833.0,0,31,0.0,2013-05-01,2013,5,12736.0,,13290.333333333334,14718.0,14718.0
LINGERIE,2013-06,12484.0,0,30,0.0,2013-06-01,2013,6,13833.0,,13017.666666666666,14345.666666666666,14345.666666666666
LINGERIE,2013-07,12477.0,0,31,0.0,2013-07-01,2013,7,12484.0,,12931.333333333334,13380.833333333334,14078.714285714286
LINGERIE,2013-08,13676.0,0,31,0.0,2013-08-01,2013,8,12477.0,,12879.0,13084.666666666666,14028.375
LINGERIE,2013-09,13137.0,0,30,0.0,2013-09-01,2013,9,13676.0,,13096.666666666666,13057.166666666666,13929.333333333334
LINGERIE,2013-10,12254.0,0,31,0.0,2013-10-01,2013,10,13137.0,,13022.333333333334,12976.833333333334,13761.8
LINGERIE,2013-11,11567.0,0,30,0.0,2013-11-01,2013,11,12254.0,,12319.333333333334,12599.166666666666,13562.272727272728
LINGERIE,2013-12,15449.0,0,31,0.0,2013-12-01,2013,12,11567.0,,13090.0,13093.333333333334,13719.5
LINGERIE,2014-01,13332.0,0,31,0.0,2014-01-01,2014,1,15449.0,18266.0,13449.333333333334,13235.833333333334,13308.333333333334
LINGERIE,2014-02,11416.0,0,28,0.0,2014-02-01,2014,2,13332.0,15453.0,13399.0,12859.166666666666,12971.916666666666
LINGERIE,2014-03,12372.0,0,31,0.0,2014-03-01,2014,3,11416.0,13302.0,12373.333333333334,12731.666666666666,12894.416666666666
LINGERIE,2014-04,12273.0,1,30,0.03333333333333333,2014-04-01,2014,4,12372.0,12736.0,12020.333333333334,12734.833333333334,12855.833333333334
LINGERIE,2014-05,13393.0,1,31,0.03225806451612903,2014-05-01,2014,5,12273.0,13833.0,12679.333333333334,13039.166666666666,12819.166666666666
LINGERIE,2014-06,12383.0,17,30,0.5666666666666667,2014-06-01,2014,6,13393.0,12484.0,12683.0,12528.166666666666,12810.75
LINGERIE,2014-07,12308.0,15,31,0.4838709677419355,2014-07-01,2014,7,12383.0,12477.0,12694.666666666666,12357.5,12796.666666666666
LINGERIE,2014-08,13172.0,9,31,0.2903225806451613,2014-08-01,2014,8,12308.0,13676.0,12621.0,12650.166666666666,12754.666666666666
LINGERIE,2014-09,14686.0,7,30,0.23333333333333334,2014-09-01,2014,9,13172.0,13137.0,13388.666666666666,13035.833333333334,12883.75
LINGERIE,2014-10,13102.0,33,31,1.064516129032258,2014-10-01,2014,10,14686.0,12254.0,13653.333333333334,13174.0,12954.416666666666
LINGERIE,2014-11,10747.0,42,30,1.4,2014-11-01,2014,11,13102.0,11567.0,12845.0,12733.0,12886.083333333334
LINGERIE,2014-12,12895.0,7,31,0.22580645161290322,2014-12-01,2014,12,10747.0,15449.0,12248.0,12818.333333333334,12673.25
LINGERIE,2015-01,9566.0,7,31,0.22580645161290322,2015-01-01,2015,1,12895.0,13332.0,11069.333333333334,12361.333333333334,12359.416666666666
LINGERIE,2015-02,9480.0,5,28,0.17857142857142858,2015-02-01,2015,2,9566.0,11416.0,10647.0,11746.0,12198.083333333334
LINGERIE,2015-03,9976.0,8,31,0.25806451612903225,2015-03-01,2015,3,9480.0,12372.0,9674.0,10961.0,11998.416666666666
LINGERIE,2015-04,11273.0,12,30,0.4,2015-04-01,2015,4,9976.0,12273.0,10243.0,10656.166666666666,11915.083333333334
LINGERIE,2015-05,13736.0,10,31,0.3225806451612903,2015-05-01,2015,5,11273.0,13393.0,11661.666666666666,11154.333333333334,11943.666666666666
LINGERIE,2015-06,11748.0,15,30,0.5,2015-06-01,2015,6,13736.0,12383.0,12252.333333333334,10963.166666666666,11890.75
LINGERIE,2015-07,13005.0,11,31,0.3548387096774194,2015-07-01,2015,7,11748.0,12308.0,12829.666666666666,11536.333333333334,11948.833333333334
LINGERIE,2015-08,14640.0,17,31,0.5483870967741935,2015-08-01,2015,8,13005.0,13172.0,13131.0,12396.333333333334,12071.166666666666
LINGERIE,2015-09,13715.0,190,30,6.333333333333333,2015-09-01,2015,9,14640.0,14686.0,13786.666666666666,13019.5,11990.25
LINGERIE,2015-10,12827.0,152,31,4.903225806451613,2015-10-01,2015,10,13715.0,13102.0,13727.333333333334,13278.5,11967.333333333334
LINGERIE,2015-11,10663.0,29,30,0.9666666666666667,2015-11-01,2015,11,12827.0,10747.0,12401.666666666666,12766.333333333334,11960.333333333334
LINGERIE,2015-12,10072.0,12,31,0.3870967741935484,2015-12-01,2015,12,10663.0,12895.0,11187.333333333334,12487.0,11725.083333333334
LINGERIE,2016-01,7914.0,5,31,0.16129032258064516,2016-01-01,2016,1,10072.0,9566.0,9549.666666666666,11638.5,11587.416666666666
LINGERIE,2016-02,8609.0,5,29,0.1724137931034483,2016-02-01,2016,2,7914.0,9480.0,8865.0,10633.333333333334,11514.833333333334
LINGERIE,2016-03,8083.0,9,31,0.2903225806451613,2016-03-01,2016,3,8609.0,9976.0,8202.0,9694.666666666666,11357.083333333334
LINGERIE,2016-04,8843.0,16,30,0.5333333333333333,2016-04-01,2016,4,8083.0,11273.0,8511.666666666666,9030.666666666666,11154.583333333334
LINGERIE,2016-05,11327.0,255,31,8.225806451612904,2016-05-01,2016,5,8843.0,13736.0,9417.666666666666,9141.333333333334,10953.833333333334
LINGERIE,2016-06,7038.0,11,30,0.36666666666666664,2016-06-01,2016,6,11327.0,11748.0,9069.333333333334,8635.666666666666,10561.333333333334
LINGERIE,2016-07,8040.0,7,31,0.22580645161290322,2016-07-01,2016,7,7038.0,13005.0,8801.666666666666,8656.666666666666,10147.583333333334
LINGERIE,2016-08,8893.0,7,31,0.22580645161290322,2016-08-01,2016,8,8040.0,14640.0,7990.333333333333,8704.0,9668.666666666666
LINGERIE,2016-09,10181.0,5,30,0.16666666666666666,2016-09-01,2016,9,8893.0,13715.0,9038.0,9053.666666666666,9374.166666666666
LINGERIE,2016-10,9798.0,238,31,7.67741935483871,2016-10-01,2016,10,10181.0,12827.0,9624.0,9212.833333333334,9121.75
LINGERIE,2016-11,9398.0,320,30,10.666666666666666,2016-11-01,2016,11,9798.0,10663.0,9792.333333333334,8891.333333333334,9016.333333333334
LINGERIE,2016-12,11600.0,149,31,4.806451612903226,2016-12-01,2016,12,9398.0,10072.0,10265.333333333334,9651.666666666666,9143.666666666666
LINGERIE,2017-01,10888.0,15,31,0.4838709677419355,2017-01-01,2017,1,11600.0,7914.0,10628.666666666666,10126.333333333334,9391.5
LINGERIE,2017-02,9875.0,7,28,0.25,2017-02-01,2017,2,10888.0,8609.0,10787.666666666666,10290.0,9497.0
"LIQUOR,WINE,BEER",2013-02,99682.0,0,28,0.0,2013-02-01,2013,2,88568.0,,94125.0,94125.0,94125.0
"LIQUOR,WINE,BEER",2013-03,106233.0,0,31,0.0,2013-03-01,2013,3,99682.0,,98161.0,98161.0,98161.0
"LIQUOR,WINE,BEER",2013-04,92334.0,0,30,0.0,2013-04-01,2013,4,106233.0,,99416.33333333333,96704.25,96704.25
"LIQUOR,WINE,BEER",2013-05,108818.0,0,31,0.0,2013-05-01,2013,5,92334.0,,102461.66666666667,99127.0,99127.0
"LIQUOR,WINE,BEER",2013-06,106692.0,0,30,0.0,2013-06-01,2013,6,108818.0,,102614.66666666667,100387.83333333333,100387.83333333333
"LIQUOR,WINE,BEER",2013-07,98754.0,0,31,0.0,2013-07-01,2013,7,106692.0,,104754.66666666667,102085.5,100154.42857142857
"LIQUOR,WINE,BEER",2013-08,110217.0,0,31,0.0,2013-08-01,2013,8,98754.0,,105221.0,103841.33333333333,101412.25
"LIQUOR,WINE,BEER",2013-09,100412.0,0,30,0.0,2013-09-01,2013,9,110217.0,,103127.66666666667,102871.16666666667,101301.11111111111
"LIQUOR,WINE,BEER",2013-10,111366.0,0,31,0.0,2013-10-01,2013,10,100412.0,,107331.66666666667,106043.16666666667,102307.6
"LIQUOR,WINE,BEER",2013-11,111098.0,0,30,0.0,2013-11-01,2013,11,111366.0,,107625.33333333333,106423.16666666667,103106.72727272728
"LIQUOR,WINE,BEER",2013-12,239186.0,0,31,0.0,2013-12-01,2013,12,111098.0,,153883.33333333334,128505.5,114446.66666666667
"LIQUOR,WINE,BEER",2014-01,111023.0,0,31,0.0,2014-01-01,2014,1,239186.0,88568.0,153769.0,130550.33333333333,116317.91666666667
"LIQUOR,WINE,BEER",2014-02,110314.0,0,28,0.0,2014-02-01,2014,2,111023.0,99682.0,153507.66666666666,130566.5,117203.91666666667
"LIQUOR,WINE,BEER",2014-03,139649.0,0,31,0.0,2014-03-01,2014,3,110314.0,106233.0,120328.66666666667,137106.0,119988.58333333333
"LIQUOR,WINE,BEER",2014-04,120097.0,0,30,0.0,2014-04-01,2014,4,139649.0,92334.0,123353.33333333333,138561.16666666666,122302.16666666667
"LIQUOR,WINE,BEER",2014-05,126235.0,1,31,0.03225806451612903,2014-05-01,2014,5,120097.0,108818.0,128660.33333333333,141084.0,123753.58333333333
"LIQUOR,WINE,BEER",2014-06,135899.0,3,30,0.1,2014-06-01,2014,6,126235.0,106692.0,127410.33333333333,123869.5,126187.5
"LIQUOR,WINE,BEER",2014-07,114929.0,3,31,0.0967741935483871,2014-07-01,2014,7,135899.0,98754.0,125687.66666666667,124520.5,127535.41666666667
"LIQUOR,WINE,BEER",2014-08,114941.0,7,31,0.22580645161290322,2014-08-01,2014,8,114929.0,110217.0,121923.0,125291.66666666667,127929.08333333333
"LIQUOR,WINE,BEER",2014-09,100081.0,2,30,0.06666666666666667,2014-09-01,2014,9,114941.0,100412.0,109983.66666666667,118697.0,127901.5
"LIQUOR,WINE,BEER",2014-10,116431.0,5,31,0.16129032258064516,2014-10-01,2014,10,100081.0,111366.0,110484.33333333333,118086.0,128323.58333333333
"LIQUOR,WINE,BEER",2014-11,109157.0,1,30,0.03333333333333333,2014-11-01,2014,11,116431.0,111098.0,108556.33333333333,115239.66666666667,128161.83333333333
"LIQUOR,WINE,BEER",2014-12,253019.0,6,31,0.1935483870967742,2014-12-01,2014,12,109157.0,239186.0,159535.66666666666,134759.66666666666,129314.58333333333
"LIQUOR,WINE,BEER",2015-01,124571.0,11,31,0.3548387096774194,2015-01-01,2015,1,253019.0,111023.0,162249.0,136366.66666666666,130443.58333333333
"LIQUOR,WINE,BEER",2015-02,135762.0,12,28,0.42857142857142855,2015-02-01,2015,2,124571.0,110314.0,171117.33333333334,139836.83333333334,132564.25
"LIQUOR,WINE,BEER",2015-03,139452.0,8,31,0.25806451612903225,2015-03-01,2015,3,135762.0,139649.0,133261.66666666666,146398.66666666666,132547.83333333334
"LIQUOR,WINE,BEER",2015-04,142980.0,17,30,0.5666666666666667,2015-04-01,2015,4,139452.0,120097.0,139398.0,150823.5,134454.75
"LIQUOR,WINE,BEER",2015-05,147419.0,12,31,0.3870967741935484,2015-05-01,2015,5,142980.0,126235.0,143283.66666666666,157200.5,136220.08333333334
"LIQUOR,WINE,BEER",2015-06,151923.0,10,30,0.3333333333333333,2015-06-01,2015,6,147419.0,135899.0,147440.66666666666,140351.16666666666,137555.41666666666
"LIQUOR,WINE,BEER",2015-07,143987.0,444,31,14.32258064516129,2015-07-01,2015,7,151923.0,114929.0,147776.33333333334,143587.16666666666,139976.91666666666
"LIQUOR,WINE,BEER",2015-08,142775.0,628,31,20.258064516129032,2015-08-01,2015,8,143987.0,114941.0,146228.33333333334,144756.0,142296.41666666666
"LIQUOR,WINE,BEER",2015-09,123645.0,927,30,30.9,2015-09-01,2015,9,142775.0,100081.0,136802.33333333334,142121.5,144260.08333333334
"LIQUOR,WINE,BEER",2015-10,148053.0,706,31,22.774193548387096,2015-10-01,2015,10,123645.0,116431.0,138157.66666666666,142967.0,146895.25
"LIQUOR,WINE,BEER",2015-11,139034.0,593,30,19.766666666666666,2015-11-01,2015,11,148053.0,109157.0,136910.66666666666,141569.5,149385.0
"LIQUOR,WINE,BEER",2015-12,275241.0,155,31,5.0,2015-12-01,2015,12,139034.0,253019.0,187442.66666666666,162122.5,151236.83333333334
"LIQUOR,WINE,BEER",2016-01,127514.0,51,31,1.6451612903225807,2016-01-01,2016,1,275241.0,124571.0,180596.33333333334,159377.0,151482.08333333334
"LIQUOR,WINE,BEER",2016-02,151467.0,155,29,5.344827586206897,2016-02-01,2016,2,127514.0,135762.0,184740.66666666666,160825.66666666666,152790.83333333334
"LIQUOR,WINE,BEER",2016-03,147530.0,136,31,4.387096774193548,2016-03-01,2016,3,151467.0,139452.0,142170.33333333334,164806.5,153464.0
"LIQUOR,WINE,BEER",2016-04,129750.0,246,30,8.2,2016-04-01,2016,4,147530.0,142980.0,142915.66666666666,161756.0,152361.5
"LIQUOR,WINE,BEER",2016-05,138220.0,1148,31,37.03225806451613,2016-05-01,2016,5,129750.0,147419.0,138500.0,161620.33333333334,151594.91666666666
"LIQUOR,WINE,BEER",2016-06,135339.0,927,30,30.9,2016-06-01,2016,6,138220.0,151923.0,134436.33333333334,138303.33333333334,150212.91666666666
"LIQUOR,WINE,BEER",2016-07,179266.0,446,31,14.387096774193548,2016-07-01,2016,7,135339.0,143987.0,150941.66666666666,146928.66666666666,153152.83333333334
"LIQUOR,WINE,BEER",2016-08,151444.0,303,31,9.774193548387096,2016-08-01,2016,8,179266.0,142775.0,155349.66666666666,146924.83333333334,153875.25
"LIQUOR,WINE,BEER",2016-09,130865.0,2040,30,68.0,2016-09-01,2016,9,151444.0,123645.0,153858.33333333334,144147.33333333334,154476.91666666666
"LIQUOR,WINE,BEER",2016-10,138363.0,2480,31,80.0,2016-10-01,2016,10,130865.0,148053.0,140224.0,145582.83333333334,153669.41666666666
"LIQUOR,WINE,BEER",2016-11,155417.0,4422,30,147.4,2016-11-01,2016,11,138363.0,139034.0,141548.33333333334,148449.0,155034.66666666666
"LIQUOR,WINE,BEER",2016-12,307717.0,5297,31,170.8709677419355,2016-12-01,2016,12,155417.0,275241.0,200499.0,177178.66666666666,157741.0
"LIQUOR,WINE,BEER",2017-01,130668.0,2764,31,89.16129032258064,2017-01-01,2017,1,307717.0,127514.0,197934.0,169079.0,158003.83333333334
"LIQUOR,WINE,BEER",2017-02,144882.0,1734,28,61.92857142857143,2017-02-01,2017,2,130668.0,151467.0,194422.33333333334,167985.33333333334,157455.08333333334
MAGAZINES,2013-02,0.0,0,28,0.0,2013-02-01,2013,2,0.0,,0.0,0.0,0.0
MAGAZINES,2013-03,0.0,0,31,0.0,2013-03-01,2013,3,0.0,,0.0,0.0,0.0
MAGAZINES,2013-04,0.0,0,30,0.0,2013-04-01,2013,4,0.0,,0.0,0.0,0.0
MAGAZINES,2013-05,0.0,0,31,0.0,2013-05-01,2013,5,0.0,,0.0,0.0,0.0
MAGAZINES,2013-06,0.0,0,30,0.0,2013-06-01,2013,6,0.0,,0.0,0.0,0.0
MAGAZINES,2013-07,0.0,0,31,0.0,2013-07-01,2013,7,0.0,,0.0,0.0,0.0
MAGAZINES,2013-08,0.0,0,31,0.0,2013-08-01,2013,8,0.0,,0.0,0.0,0.0
MAGAZINES,2013-09,0.0,0,30,0.0,2013-09-01,2013,9,0.0,,0.0,0.0,0.0
MAGAZINES,2013-10,0.0,0,31,0.0,2013-10-01,2013,10,0.0,,0.0,0.0,0.0
MAGAZINES,2013-11,0.0,0,30,0.0,2013-11-01,2013,11,0.0,,0.0,0.0,0.0
MAGAZINES,2013-12,0.0,0,31,0.0,2013-12-01,2013,12,0.0,,0.0,0.0,0.0
MAGAZINES,2014-01,1726.0,0,31,0.0,2014-01-01,2014,1,0.0,0.0,575.3333333333334,287.6666666666667,143.83333333333334
MAGAZINES,2014-02,0.0,0,28,0.0,2014-02-01,2014,2,1726.0,0.0,575.3333333333334,287.6666666666667,143.83333333333334
MAGAZINES,2014-03,1959.0,0,31,0.0,2014-03-01,2014,3,0.0,0.0,1228.3333333333333,614.1666666666666,307.0833333333333
MAGAZINES,2014-04,0.0,0,30,0.0,2014-04-01,2014,4,1959.0,0.0,653.0,614.1666666666666,307.0833333333333
MAGAZINES,2014-05,0.0,0,31,0.0,2014-05-01,2014,5,0.0,0.0,653.0,614.1666666666666,307.0833333333333
MAGAZINES,2014-06,0.0,0,30,0.0,2014-06-01,2014,6,0.0,0.0,0.0,614.1666666666666,307.0833333333333
MAGAZINES,2014-07,1898.0,1,31,0.03225806451612903,2014-07-01,2014,7,0.0,0.0,632.6666666666666,642.8333333333334,465.25
MAGAZINES,2014-08,0.0,0,31,0.0,2014-08-01,2014,8,1898.0,0.0,632.6666666666666,642.8333333333334,465.25
MAGAZINES,2014-09,2628.0,0,30,0.0,2014-09-01,2014,9,0.0,0.0,1508.6666666666667,754.3333333333334,684.25
MAGAZINES,2014-10,1959.0,0,31,0.0,2014-10-01,2014,10,2628.0,0.0,1529.0,1080.8333333333333,847.5
MAGAZINES,2014-11,1988.0,0,30,0.0,2014-11-01,2014,11,1959.0,0.0,2191.6666666666665,1412.1666666666667,1013.1666666666666
MAGAZINES,2014-12,2788.0,0,31,0.0,2014-12-01,2014,12,1988.0,0.0,2245.0,1876.8333333333333,1245.5
MAGAZINES,2015-01,0.0,0,31,0.0,2015-01-01,2015,1,2788.0,1726.0,1592.0,1560.5,1101.6666666666667
MAGAZINES,2015-02,0.0,0,28,0.0,2015-02-01,2015,2,0.0,0.0,929.3333333333334,1560.5,1101.6666666666667
MAGAZINES,2015-03,0.0,0,31,0.0,2015-03-01,2015,3,0.0,1959.0,0.0,1122.5,938.4166666666666
MAGAZINES,2015-04,2180.0,1,30,0.03333333333333333,2015-04-01,2015,4,0.0,0.0,726.6666666666666,1159.3333333333333,1120.0833333333333
MAGAZINES,2015-05,2960.0,0,31,0.0,2015-05-01,2015,5,2180.0,0.0,1713.3333333333333,1321.3333333333333,1366.75
MAGAZINES,2015-06,2300.0,1,30,0.03333333333333333,2015-06-01,2015,6,2960.0,0.0,2480.0,1240.0,1558.4166666666667
MAGAZINES,2015-07,3025.0,0,31,0.0,2015-07-01,2015,7,2300.0,1898.0,2761.6666666666665,1744.1666666666667,1652.3333333333333
MAGAZINES,2015-08,2678.0,1,31,0.03225806451612903,2015-08-01,2015,8,3025.0,0.0,2667.6666666666665,2190.5,1875.5
MAGAZINES,2015-09,2402.0,1,30,0.03333333333333333,2015-09-01,2015,9,2678.0,2628.0,2701.6666666666665,2590.8333333333335,1856.6666666666667
MAGAZINES,2015-10,11712.0,1,31,0.03225806451612903,2015-10-01,2015,10,2402.0,1959.0,5597.333333333333,4179.5,2669.4166666666665
MAGAZINES,2015-11,8615.0,2,30,0.06666666666666667,2015-11-01,2015,11,11712.0,1988.0,7576.333333333333,5122.0,3221.6666666666665
MAGAZINES,2015-12,12504.0,0,31,0.0,2015-12-01,2015,12,8615.0,2788.0,10943.666666666666,6822.666666666667,4031.3333333333335
MAGAZINES,2016-01,8376.0,1,31,0.03225806451612903,2016-01-01,2016,1,12504.0,0.0,9831.666666666666,7714.5,4729.333333333333
MAGAZINES,2016-02,10715.0,1,29,0.034482758620689655,2016-02-01,2016,2,8376.0,0.0,10531.666666666666,9054.0,5622.25
MAGAZINES,2016-03,9977.0,4,31,0.12903225806451613,2016-03-01,2016,3,10715.0,0.0,9689.333333333334,10316.5,6453.666666666667
MAGAZINES,2016-04,11227.0,9,30,0.3,2016-04-01,2016,4,9977.0,2180.0,10639.666666666666,10235.666666666666,7207.583333333333
MAGAZINES,2016-05,10676.0,111,31,3.5806451612903225,2016-05-01,2016,5,11227.0,2960.0,10626.666666666666,10579.166666666666,7850.583333333333
MAGAZINES,2016-06,9022.0,1,30,0.03333333333333333,2016-06-01,2016,6,10676.0,2300.0,10308.333333333334,9998.833333333334,8410.75
MAGAZINES,2016-07,10498.0,1,31,0.03225806451612903,2016-07-01,2016,7,9022.0,3025.0,10065.333333333334,10352.5,9033.5
MAGAZINES,2016-08,9904.0,1,31,0.03225806451612903,2016-08-01,2016,8,10498.0,2678.0,9808.0,10217.333333333334,9635.666666666666
MAGAZINES,2016-09,9987.0,1,30,0.03333333333333333,2016-09-01,2016,9,9904.0,2402.0,10129.666666666666,10219.0,10267.75
MAGAZINES,2016-10,10993.0,141,31,4.548387096774194,2016-10-01,2016,10,9987.0,11712.0,10294.666666666666,10180.0,10207.833333333334
MAGAZINES,2016-11,9962.0,2,30,0.06666666666666667,2016-11-01,2016,11,10993.0,8615.0,10314.0,10061.0,10320.083333333334
MAGAZINES,2016-12,12692.0,0,31,0.0,2016-12-01,2016,12,9962.0,12504.0,11215.666666666666,10672.666666666666,10335.75
MAGAZINES,2017-01,9563.0,0,31,0.0,2017-01-01,2017,1,12692.0,8376.0,10739.0,10516.833333333334,10434.666666666666
MAGAZINES,2017-02,10200.0,0,28,0.0,2017-02-01,2017,2,9563.0,10715.0,10818.333333333334,10566.166666666666,10391.75
MEATS,2013-02,480354.959696,0,28,0.0,2013-02-01,2013,2,533154.783758,,506754.871727,506754.871727,506754.871727
MEATS,2013-03,525533.343087,0,31,0.0,2013-03-01,2013,3,480354.959696,,513014.3621803333,513014.3621803333,513014.3621803333
MEATS,2013-04,521173.160301,0,30,0.0,2013-04-01,2013,4,525533.343087,,509020.48769466666,515054.0617105,515054.0617105
MEATS,2013-05,547487.049146,0,31,0.0,2013-05-01,2013,5,521173.160301,,531397.8508446667,521540.6591976,521540.6591976
MEATS,2013-06,549834.749027,0,30,0.0,2013-06-01,2013,6,547487.049146,,539498.3194913333,526256.3408358333,526256.3408358333
MEATS,2013-07,536148.232708,0,31,0.0,2013-07-01,2013,7,549834.749027,,544490.0102936666,526755.2489941666,527669.4682461428
MEATS,2013-08,543110.259599,0,31,0.0,2013-08-01,2013,8,536148.232708,,543031.0804446667,537214.4656446666,529599.56716525
MEATS,2013-09,548558.753157,0,30,0.0,2013-09-01,2013,9,543110.259599,,542605.748488,541052.0339896666,531706.1433865555
MEATS,2013-10,572478.35895,0,31,0.0,2013-10-01,2013,10,548558.753157,,554715.7905686666,549602.9004311668,535783.3649429
MEATS,2013-11,554302.615027,0,30,0.0,2013-11-01,2013,11,572478.35895,,558446.5757113333,550738.828078,537466.9331323636
MEATS,2013-12,550748.469551,0,31,0.0,2013-12-01,2013,12,554302.615027,,559176.481176,550891.114832,538573.7278339167
MEATS,2014-01,490276.380212,0,31,0.0,2014-01-01,2014,1,550748.469551,533154.783758,531775.8215966667,543245.8060826667,535000.5275384166
MEATS,2014-02,472934.441401,0,28,0.0,2014-02-01,2014,2,490276.380212,480354.959696,504653.09705466666,531549.836383,534382.1510138334
MEATS,2014-03,557430.866019,0,31,0.0,2014-03-01,2014,3,472934.441401,525533.343087,506880.56254400004,533028.52186,537040.2779248334
MEATS,2014-04,490231.051883,195,30,6.5,2014-04-01,2014,4,557430.866019,521173.160301,506865.453101,519320.6373488333,534461.7688900001
MEATS,2014-05,547591.432618,1826,31,58.903225806451616,2014-05-01,2014,5,490231.051883,547487.049146,531751.1168399999,518202.10694733326,534470.4675126666
MEATS,2014-06,552050.965793,3402,30,113.4,2014-06-01,2014,6,547591.432618,549834.749027,529957.8167646667,518419.1896543333,534655.1522431667
MEATS,2014-07,538998.210029,6268,31,202.19354838709677,2014-07-01,2014,7,552050.965793,536148.232708,546213.5361466667,526539.4946238332,534892.65035325
MEATS,2014-08,563615.859131,7143,31,230.41935483870967,2014-08-01,2014,8,538998.210029,543110.259599,551555.011651,541653.0642455,536601.45031425
MEATS,2014-09,556392.882056,5967,30,198.9,2014-09-01,2014,9,563615.859131,548558.753157,553002.3170719999,541480.0669183333,537254.2943891666
MEATS,2014-10,569356.219706,8159,31,263.19354838709677,2014-10-01,2014,10,556392.882056,572478.35895,563121.653631,554667.5948888332,536994.1161188333
MEATS,2014-11,511825.362873,7836,30,261.2,2014-11-01,2014,11,569356.219706,554302.615027,545858.1548783333,548706.5832646666,533454.345106
MEATS,2014-12,531165.753638,6146,31,198.25806451612902,2014-12-01,2014,12,511825.362873,550748.469551,537449.1120723332,545225.7145721667,531822.4521132499
MEATS,2015-01,543117.728891,7303,31,235.58064516129033,2015-01-01,2015,1,531165.753638,490276.380212,528702.9484673333,545912.3010491667,536225.8978365
MEATS,2015-02,498735.076839,5913,28,211.17857142857142,2015-02-01,2015,2,543117.728891,472934.441401,524339.5197893333,535098.8373338333,538375.9507896666
MEATS,2015-03,546517.159221,6163,31,198.80645161290323,2015-03-01,2015,3,498735.076839,557430.866019,529456.6549836667,533452.883528,537466.4752231666
MEATS,2015-04,522304.280744,7021,30,234.03333333333333,2015-04-01,2015,4,546517.159221,490231.051883,522518.83893466665,525610.893701,540139.2442949166
MEATS,2015-05,591691.899734,7885,31,254.3548387096774,2015-05-01,2015,5,522304.280744,547591.432618,553504.4465663334,538921.9831778334,543814.28322125
MEATS,2015-06,565014.130035,7284,30,242.8,2015-06-01,2015,6,591691.899734,552050.965793,559670.1035043333,544563.3792440001,544894.5469080833
MEATS,2015-07,594903.677368,8330,31,268.7096774193548,2015-07-01,2015,7,565014.130035,538998.210029,583869.9023790001,553194.3706568334,549553.335853
MEATS,2015-08,581214.143026,7852,31,253.29032258064515,2015-08-01,2015,8,594903.677368,563615.859131,580377.3168096667,566940.881688,551019.8595109166
MEATS,2015-09,562711.633157,6783,30,226.1,2015-09-01,2015,9,581214.143026,556392.882056,579609.8178503333,569639.9606773333,551546.4221026667
MEATS,2015-10,580788.361242,8368,31,269.93548387096774,2015-10-01,2015,10,562711.633157,569356.219706,574904.712475,579387.307427,552499.1005640001
MEATS,2015-11,535908.927954,6620,30,220.66666666666666,2015-11-01,2015,11,580788.361242,511825.362873,559802.9741176666,570090.1454636666,554506.0643207501
MEATS,2015-12,567381.391078,6136,31,197.93548387096774,2015-12-01,2015,12,535908.927954,531165.753638,561359.5600913333,570484.6889708333,557524.0341074168
MEATS,2016-01,591097.190342,7126,31,229.8709677419355,2016-01-01,2016,1,567381.391078,543117.728891,564795.836458,569850.2744665,561522.3225616667
MEATS,2016-02,544954.45565,6699,29,231.0,2016-02-01,2016,2,591097.190342,498735.076839,567811.0123566667,563806.9932371667,565373.9374625833
MEATS,2016-03,543454.35006,7398,31,238.6451612903226,2016-03-01,2016,3,544954.45565,546517.159221,559835.3320173334,560597.4460543334,565118.7033658334
MEATS,2016-04,583662.4468129,9559,30,318.6333333333333,2016-04-01,2016,4,543454.35006,522304.280744,557357.0841743,561076.46031615,570231.883871575
MEATS,2016-05,591532.731223,8505,31,274.35483870967744,2016-05-01,2016,5,583662.4468129,591691.899734,572883.1760319666,570347.0941943167,570218.6198289917
MEATS,2016-06,557547.144229,7623,30,254.1,2016-06-01,2016,6,591532.731223,565014.130035,577580.7740883,568708.0530528167,569596.3710118249
MEATS,2016-07,607702.419729,9143,31,294.93548387096774,2016-07-01,2016,7,557547.144229,594903.677368,585594.0983936667,571475.5912839834,570662.9328752416
MEATS,2016-08,568488.623049,7330,31,236.4516129032258,2016-08-01,2016,8,607702.419729,581214.143026,577912.7290023334,575397.95251715,569602.4728771583
MEATS,2016-09,564988.491109,8298,30,276.6,2016-09-01,2016,9,568488.623049,562711.633157,580393.1779623333,578986.9760253166,569792.211039825
MEATS,2016-10,672115.441115,6723,31,216.8709677419355,2016-10-01,2016,10,564988.491109,580788.361242,601864.185091,593729.1417423333,577402.8010292416
MEATS,2016-11,578954.065451,6917,30,230.56666666666666,2016-11-01,2016,11,672115.441115,535908.927954,605352.6658916668,591632.697447,580989.8958206583
MEATS,2016-12,606028.189242,9231,31,297.7741935483871,2016-12-01,2016,12,578954.065451,567381.391078,619032.5652693333,599712.8716158333,584210.462334325
MEATS,2017-01,614947.5621559999,7608,31,245.41935483870967,2017-01-01,2017,1,606028.189242,591097.190342,599976.6056163333,600920.3953536666,586197.9933188249
MEATS,2017-02,552648.962733,7139,28,254.96428571428572,2017-02-01,2017,2,614947.5621559999,544954.45565,591208.2380436667,598280.4519676667,586839.2022424083
PERSONAL CARE,2013-02,274064.0,0,28,0.0,2013-02-01,2013,2,317716.0,,295890.0,295890.0,295890.0
PERSONAL CARE,2013-03,319254.0,0,31,0.0,2013-03-01,2013,3,274064.0,,303678.0,303678.0,303678.0
PERSONAL CARE,2013-04,326543.0,0,30,0.0,2013-04-01,2013,4,319254.0,,306620.3333333333,309394.25,309394.25
PERSONAL CARE,2013-05,308987.0,0,31,0.0,2013-05-01,2013,5,326543.0,,318261.3333333333,309312.8,309312.8
PERSONAL CARE,2013-06,304725.0,0,30,0.0,2013-06-01,2013,6,308987.0,,313418.3333333333,308548.1666666667,308548.1666666667
PERSONAL CARE,2013-07,303655.0,0,31,0.0,2013-07-01,2013,7,304725.0,,305789.0,306204.6666666667,307849.14285714284
PERSONAL CARE,2013-08,310536.0,0,31,0.0,2013-08-01,2013,8,303655.0,,306305.3333333333,312283.3333333333,308185.0
PERSONAL CARE,2013-09,309791.0,0,30,0.0,2013-09-01,2013,9,310536.0,,307994.0,310706.1666666667,308363.44444444444
PERSONAL CARE,2013-10,289730.0,0,31,0.0,2013-10-01,2013,10,309791.0,,303352.3333333333,304570.6666666667,306500.1
PERSONAL CARE,2013-11,342552.0,0,30,0.0,2013-11-01,2013,11,289730.0,,314024.3333333333,310164.8333333333,309777.54545454547
PERSONAL CARE,2013-12,407935.0,0,31,0.0,2013-12-01,2013,12,342552.0,,346739.0,327366.5,317957.3333333333
PERSONAL CARE,2014-01,369497.0,0,31,0.0,2014-01-01,2014,1,407935.0,317716.0,373328.0,338340.1666666667,322272.4166666667
PERSONAL CARE,2014-02,321063.0,0,28,0.0,2014-02-01,2014,2,369497.0,274064.0,366165.0,340094.6666666667,326189.0
PERSONAL CARE,2014-03,387192.0,0,31,0.0,2014-03-01,2014,3,321063.0,319254.0,359250.6666666667,352994.8333333333,331850.5
PERSONAL CARE,2014-04,365345.0,1,30,0.03333333333333333,2014-04-01,2014,4,387192.0,326543.0,357866.6666666667,365597.3333333333,335084.0
PERSONAL CARE,2014-05,399326.0,23,31,0.7419354838709677,2014-05-01,2014,5,365345.0,308987.0,383954.3333333333,375059.6666666667,342612.25
PERSONAL CARE,2014-06,388943.0,195,30,6.5,2014-06-01,2014,6,399326.0,304725.0,384538.0,371894.3333333333,349630.4166666667
PERSONAL CARE,2014-07,401355.0,286,31,9.225806451612904,2014-07-01,2014,7,388943.0,303655.0,396541.3333333333,377204.0,357772.0833333333
PERSONAL CARE,2014-08,419124.0,406,31,13.096774193548388,2014-08-01,2014,8,401355.0,310536.0,403140.6666666667,393547.5,366821.0833333333
PERSONAL CARE,2014-09,376891.0,811,30,27.033333333333335,2014-09-01,2014,9,419124.0,309791.0,399123.3333333333,391830.6666666667,372412.75
PERSONAL CARE,2014-10,425426.0,1481,31,47.774193548387096,2014-10-01,2014,10,376891.0,289730.0,407147.0,401844.1666666667,383720.75
PERSONAL CARE,2014-11,430732.0,228,30,7.6,2014-11-01,2014,11,425426.0,342552.0,411016.3333333333,407078.5,391069.0833333333
PERSONAL CARE,2014-12,502389.0,481,31,15.516129032258064,2014-12-01,2014,12,430732.0,407935.0,452849.0,425986.1666666667,398940.25
PERSONAL CARE,2015-01,492686.0,416,31,13.419354838709678,2015-01-01,2015,1,502389.0,369497.0,475269.0,441208.0,409206.0
PERSONAL CARE,2015-02,429345.0,107,28,3.8214285714285716,2015-02-01,2015,2,492686.0,321063.0,474806.6666666667,442911.5,418229.5
PERSONAL CARE,2015-03,484740.0,416,31,13.419354838709678,2015-03-01,2015,3,429345.0,387192.0,468923.6666666667,460886.3333333333,426358.5
PERSONAL CARE,2015-04,455173.0,2813,30,93.76666666666667,2015-04-01,2015,4,484740.0,365345.0,456419.3333333333,465844.1666666667,433844.1666666667
PERSONAL CARE,2015-05,503729.0,2614,31,84.3225806451613,2015-05-01,2015,5,455173.0,399326.0,481214.0,478010.3333333333,442544.4166666667
PERSONAL CARE,2015-06,446045.0,1378,30,45.93333333333333,2015-06-01,2015,6,503729.0,388943.0,468315.6666666667,468619.6666666667,447302.9166666667
PERSONAL CARE,2015-07,466584.0,121,31,3.903225806451613,2015-07-01,2015,7,446045.0,401355.0,472119.3333333333,464269.3333333333,452738.6666666667
PERSONAL CARE,2015-08,499242.0,1134,31,36.58064516129032,2015-08-01,2015,8,466584.0,419124.0,470623.6666666667,475918.8333333333,459415.1666666667
PERSONAL CARE,2015-09,498625.0,3649,30,121.63333333333334,2015-09-01,2015,9,499242.0,376891.0,488150.3333333333,478233.0,469559.6666666667
PERSONAL CARE,2015-10,499639.0,1243,31,40.096774193548384,2015-10-01,2015,10,498625.0,425426.0,499168.6666666667,485644.0,475744.0833333333
PERSONAL CARE,2015-11,472022.0,540,30,18.0,2015-11-01,2015,11,499639.0,430732.0,490095.3333333333,480359.5,479184.9166666667
PERSONAL CARE,2015-12,547757.0,2232,31,72.0,2015-12-01,2015,12,472022.0,502389.0,506472.6666666667,497311.5,482965.5833333333
PERSONAL CARE,2016-01,560083.0,1219,31,39.32258064516129,2016-01-01,2016,1,547757.0,492686.0,526620.6666666666,512894.6666666667,488582.0
PERSONAL CARE,2016-02,473164.0,1027,29,35.41379310344828,2016-02-01,2016,2,560083.0,429345.0,527001.3333333334,508548.3333333333,492233.5833333333
PERSONAL CARE,2016-03,487105.0,10796,31,348.258064516129,2016-03-01,2016,3,473164.0,484740.0,506784.0,506628.3333333333,492430.6666666667
PERSONAL CARE,2016-04,621247.0,4077,30,135.9,2016-04-01,2016,4,487105.0,455173.0,527172.0,526896.3333333334,506270.1666666667
PERSONAL CARE,2016-05,553838.0,14800,31,477.4193548387097,2016-05-01,2016,5,621247.0,503729.0,554063.3333333334,540532.3333333334,510445.9166666667
PERSONAL CARE,2016-06,465449.0,14982,30,499.4,2016-06-01,2016,6,553838.0,446045.0,546844.6666666666,526814.3333333334,512062.9166666667
PERSONAL CARE,2016-07,498521.0,10638,31,343.16129032258067,2016-07-01,2016,7,465449.0,466584.0,505936.0,516554.0,514724.3333333333
PERSONAL CARE,2016-08,462022.0,7783,31,251.06451612903226,2016-08-01,2016,8,498521.0,499242.0,475330.6666666667,514697.0,511622.6666666667
PERSONAL CARE,2016-09,471682.0,10243,30,341.43333333333334,2016-09-01,2016,9,462022.0,498625.0,477408.3333333333,512126.5,509377.4166666667
PERSONAL CARE,2016-10,481666.0,12632,31,407.48387096774195,2016-10-01,2016,10,471682.0,499639.0,471790.0,488863.0,507879.6666666667
PERSONAL CARE,2016-11,505907.0,13286,30,442.8666666666667,2016-11-01,2016,11,481666.0,472022.0,486418.3333333333,480874.5,510703.4166666667
PERSONAL CARE,2016-12,583353.0,14854,31,479.16129032258067,2016-12-01,2016,12,505907.0,547757.0,523642.0,500525.1666666667,513669.75
PERSONAL CARE,2017-01,599662.0,13264,31,427.8709677419355,2017-01-01,2017,1,583353.0,560083.0,562974.0,517382.0,516968.0
PERSONAL CARE,2017-02,502036.0,13725,28,490.17857142857144,2017-02-01,2017,2,599662.0,473164.0,561683.6666666666,524051.0,519374.0
PET SUPPLIES,2013-02,0.0,0,28,0.0,2013-02-01,2013,2,0.0,,0.0,0.0,0.0
PET SUPPLIES,2013-03,0.0,0,31,0.0,2013-03-01,2013,3,0.0,,0.0,0.0,0.0
PET SUPPLIES,2013-04,0.0,0,30,0.0,2013-04-01,2013,4,0.0,,0.0,0.0,0.0
PET SUPPLIES,2013-05,0.0,0,31,0.0,2013-05-01,2013,5,0.0,,0.0,0.0,0.0
PET SUPPLIES,2013-06,0.0,0,30,0.0,2013-06-01,2013,6,0.0,,0.0,0.0,0.0
PET SUPPLIES,2013-07,0.0,0,31,0.0,2013-07-01,2013,7,0.0,,0.0,0.0,0.0
PET SUPPLIES,2013-08,0.0,0,31,0.0,2013-08-01,2013,8,0.0,,0.0,0.0,0.0
PET SUPPLIES,2013-09,0.0,0,30,0.0,2013-09-01,2013,9,0.0,,0.0,0.0,0.0
PET SUPPLIES,2013-10,0.0,0,31,0.0,2013-10-01,2013,10,0.0,,0.0,0.0,0.0
PET SUPPLIES,2013-11,0.0,0,30,0.0,2013-11-01,2013,11,0.0,,0.0,0.0,0.0
PET SUPPLIES,2013-12,0.0,0,31,0.0,2013-12-01,2013,12,0.0,,0.0,0.0,0.0
PET SUPPLIES,2014-01,6430.0,0,31,0.0,2014-01-01,2014,1,0.0,0.0,2143.3333333333335,1071.6666666666667,535.8333333333334
PET SUPPLIES,2014-02,0.0,0,28,0.0,2014-02-01,2014,2,6430.0,0.0,2143.3333333333335,1071.6666666666667,535.8333333333334
PET SUPPLIES,2014-03,8011.0,0,31,0.0,2014-03-01,2014,3,0.0,0.0,4813.666666666667,2406.8333333333335,1203.4166666666667
PET SUPPLIES,2014-04,0.0,0,30,0.0,2014-04-01,2014,4,8011.0,0.0,2670.3333333333335,2406.8333333333335,1203.4166666666667
PET SUPPLIES,2014-05,0.0,0,31,0.0,2014-05-01,2014,5,0.0,0.0,2670.3333333333335,2406.8333333333335,1203.4166666666667
PET SUPPLIES,2014-06,0.0,0,30,0.0,2014-06-01,2014,6,0.0,0.0,0.0,2406.8333333333335,1203.4166666666667
PET SUPPLIES,2014-07,7549.0,4,31,0.12903225806451613,2014-07-01,2014,7,0.0,0.0,2516.3333333333335,2593.3333333333335,1832.5
PET SUPPLIES,2014-08,0.0,0,31,0.0,2014-08-01,2014,8,7549.0,0.0,2516.3333333333335,2593.3333333333335,1832.5
PET SUPPLIES,2014-09,7964.0,22,30,0.7333333333333333,2014-09-01,2014,9,0.0,0.0,5171.0,2585.5,2496.1666666666665
PET SUPPLIES,2014-10,8185.0,3,31,0.0967741935483871,2014-10-01,2014,10,7964.0,0.0,5383.0,3949.6666666666665,3178.25
PET SUPPLIES,2014-11,9041.0,4,30,0.13333333333333333,2014-11-01,2014,11,8185.0,0.0,8396.666666666666,5456.5,3931.6666666666665
PET SUPPLIES,2014-12,9810.0,3,31,0.0967741935483871,2014-12-01,2014,12,9041.0,0.0,9012.0,7091.5,4749.166666666667
PET SUPPLIES,2015-01,0.0,0,31,0.0,2015-01-01,2015,1,9810.0,6430.0,6283.666666666667,5833.333333333333,4213.333333333333
PET SUPPLIES,2015-02,0.0,0,28,0.0,2015-02-01,2015,2,0.0,0.0,3270.0,5833.333333333333,4213.333333333333
PET SUPPLIES,2015-03,0.0,0,31,0.0,2015-03-01,2015,3,0.0,8011.0,0.0,4506.0,3545.75
PET SUPPLIES,2015-04,0.0,0,30,0.0,2015-04-01,2015,4,0.0,0.0,0.0,3141.8333333333335,3545.75
PET SUPPLIES,2015-05,186.0,0,31,0.0,2015-05-01,2015,5,0.0,0.0,62.0,1666.0,3561.25
PET SUPPLIES,2015-06,8810.0,68,30,2.2666666666666666,2015-06-01,2015,6,186.0,0.0,2998.6666666666665,1499.3333333333333,4295.416666666667
PET SUPPLIES,2015-07,8056.0,34,31,1.096774193548387,2015-07-01,2015,7,8810.0,7549.0,5684.0,2842.0,4337.666666666667
PET SUPPLIES,2015-08,9231.0,97,31,3.129032258064516,2015-08-01,2015,8,8056.0,0.0,8699.0,4380.5,5106.916666666667
PET SUPPLIES,2015-09,7010.0,7,30,0.23333333333333334,2015-09-01,2015,9,9231.0,7964.0,8099.0,5548.833333333333,5027.416666666667
PET SUPPLIES,2015-10,8782.0,1,31,0.03225806451612903,2015-10-01,2015,10,7010.0,8185.0,8341.0,7012.5,5077.166666666667
PET SUPPLIES,2015-11,10338.0,3,30,0.1,2015-11-01,2015,11,8782.0,9041.0,8710.0,8704.5,5185.25
PET SUPPLIES,2015-12,10370.0,69,31,2.225806451612903,2015-12-01,2015,12,10338.0,9810.0,9830.0,8964.5,5231.916666666667
PET SUPPLIES,2016-01,10644.0,57,31,1.8387096774193548,2016-01-01,2016,1,10370.0,0.0,10450.666666666666,9395.833333333334,6118.916666666667
PET SUPPLIES,2016-02,8959.0,7,29,0.2413793103448276,2016-02-01,2016,2,10644.0,0.0,9991.0,9350.5,6865.5
PET SUPPLIES,2016-03,9677.0,3,31,0.0967741935483871,2016-03-01,2016,3,8959.0,0.0,9760.0,9795.0,7671.916666666667
PET SUPPLIES,2016-04,10963.0,28,30,0.9333333333333333,2016-04-01,2016,4,9677.0,0.0,9866.333333333334,10158.5,8585.5
PET SUPPLIES,2016-05,11160.0,173,31,5.580645161290323,2016-05-01,2016,5,10963.0,186.0,10600.0,10295.5,9500.0
PET SUPPLIES,2016-06,9463.0,183,30,6.1,2016-06-01,2016,6,11160.0,8810.0,10528.666666666666,10144.333333333334,9554.416666666666
PET SUPPLIES,2016-07,10279.0,226,31,7.290322580645161,2016-07-01,2016,7,9463.0,8056.0,10300.666666666666,10083.5,9739.666666666666
PET SUPPLIES,2016-08,10211.0,0,31,0.0,2016-08-01,2016,8,10279.0,9231.0,9984.333333333334,10292.166666666666,9821.333333333334
PET SUPPLIES,2016-09,10978.0,3,30,0.1,2016-09-01,2016,9,10211.0,7010.0,10489.333333333334,10509.0,10152.0
PET SUPPLIES,2016-10,12477.0,210,31,6.774193548387097,2016-10-01,2016,10,10978.0,8782.0,11222.0,10761.333333333334,10459.916666666666
PET SUPPLIES,2016-11,11452.0,205,30,6.833333333333333,2016-11-01,2016,11,12477.0,10338.0,11635.666666666666,10810.0,10552.75
PET SUPPLIES,2016-12,13730.0,697,31,22.483870967741936,2016-12-01,2016,12,11452.0,10370.0,12553.0,11521.166666666666,10832.75
PET SUPPLIES,2017-01,13286.0,80,31,2.5806451612903225,2017-01-01,2017,1,13730.0,10644.0,12822.666666666666,12022.333333333334,11052.916666666666
PET SUPPLIES,2017-02,12604.0,4,28,0.14285714285714285,2017-02-01,2017,2,13286.0,8959.0,13206.666666666666,12421.166666666666,11356.666666666666
PLAYERS AND ELECTRONICS,2013-02,0.0,0,28,0.0,2013-02-01,2013,2,0.0,,0.0,0.0,0.0
PLAYERS AND ELECTRONICS,2013-03,0.0,0,31,0.0,2013-03-01,2013,3,0.0,,0.0,0.0,0.0
PLAYERS AND ELECTRONICS,2013-04,0.0,0,30,0.0,2013-04-01,2013,4,0.0,,0.0,0.0,0.0
PLAYERS AND ELECTRONICS,2013-05,0.0,0,31,0.0,2013-05-01,2013,5,0.0,,0.0,0.0,0.0
PLAYERS AND ELECTRONICS,2013-06,0.0,0,30,0.0,2013-06-01,2013,6,0.0,,0.0,0.0,0.0
PLAYERS AND ELECTRONICS,2013-07,0.0,0,31,0.0,2013-07-01,2013,7,0.0,,0.0,0.0,0.0
PLAYERS AND ELECTRONICS,2013-08,0.0,0,31,0.0,2013-08-01,2013,8,0.0,,0.0,0.0,0.0
PLAYERS AND ELECTRONICS,2013-09,0.0,0,30,0.0,2013-09-01,2013,9,0.0,,0.0,0.0,0.0
PLAYERS AND ELECTRONICS,2013-10,0.0,0,31,0.0,2013-10-01,2013,10,0.0,,0.0,0.0,0.0
PLAYERS AND ELECTRONICS,2013-11,0.0,0,30,0.0,2013-11-01,2013,11,0.0,,0.0,0.0,0.0
PLAYERS AND ELECTRONICS,2013-12,0.0,0,31,0.0,2013-12-01,2013,12,0.0,,0.0,0.0,0.0
PLAYERS AND ELECTRONICS,2014-01,16539.0,0,31,0.0,2014-01-01,2014,1,0.0,0.0,5513.0,2756.5,1378.25
PLAYERS AND ELECTRONICS,2014-02,0.0,0,28,0.0,2014-02-01,2014,2,16539.0,0.0,5513.0,2756.5,1378.25
PLAYERS AND ELECTRONICS,2014-03,16061.0,0,31,0.0,2014-03-01,2014,3,0.0,0.0,10866.666666666666,5433.333333333333,2716.6666666666665
PLAYERS AND ELECTRONICS,2014-04,0.0,0,30,0.0,2014-04-01,2014,4,16061.0,0.0,5353.666666666667,5433.333333333333,2716.6666666666665
PLAYERS AND ELECTRONICS,2014-05,0.0,0,31,0.0,2014-05-01,2014,5,0.0,0.0,5353.666666666667,5433.333333333333,2716.6666666666665
PLAYERS AND ELECTRONICS,2014-06,0.0,0,30,0.0,2014-06-01,2014,6,0.0,0.0,0.0,5433.333333333333,2716.6666666666665
PLAYERS AND ELECTRONICS,2014-07,12768.0,84,31,2.7096774193548385,2014-07-01,2014,7,0.0,0.0,4256.0,4804.833333333333,3780.6666666666665
PLAYERS AND ELECTRONICS,2014-08,0.0,0,31,0.0,2014-08-01,2014,8,12768.0,0.0,4256.0,4804.833333333333,3780.6666666666665
PLAYERS AND ELECTRONICS,2014-09,13432.0,20,30,0.6666666666666666,2014-09-01,2014,9,0.0,0.0,8733.333333333334,4366.666666666667,4900.0
PLAYERS AND ELECTRONICS,2014-10,13015.0,17,31,0.5483870967741935,2014-10-01,2014,10,13432.0,0.0,8815.666666666666,6535.833333333333,5984.583333333333
PLAYERS AND ELECTRONICS,2014-11,14396.0,3,30,0.1,2014-11-01,2014,11,13015.0,0.0,13614.333333333334,8935.166666666666,7184.25
PLAYERS AND ELECTRONICS,2014-12,19936.0,0,31,0.0,2014-12-01,2014,12,14396.0,0.0,15782.333333333334,12257.833333333334,8845.583333333334
PLAYERS AND ELECTRONICS,2015-01,0.0,0,31,0.0,2015-01-01,2015,1,19936.0,16539.0,11444.0,10129.833333333334,7467.333333333333
PLAYERS AND ELECTRONICS,2015-02,0.0,0,28,0.0,2015-02-01,2015,2,0.0,0.0,6645.333333333333,10129.833333333334,7467.333333333333
PLAYERS AND ELECTRONICS,2015-03,0.0,0,31,0.0,2015-03-01,2015,3,0.0,16061.0,0.0,7891.166666666667,6128.916666666667
PLAYERS AND ELECTRONICS,2015-04,0.0,0,30,0.0,2015-04-01,2015,4,0.0,0.0,0.0,5722.0,6128.916666666667
PLAYERS AND ELECTRONICS,2015-05,0.0,0,31,0.0,2015-05-01,2015,5,0.0,0.0,0.0,3322.6666666666665,6128.916666666667
PLAYERS AND ELECTRONICS,2015-06,13084.0,6,30,0.2,2015-06-01,2015,6,0.0,0.0,4361.333333333333,2180.6666666666665,7219.25
PLAYERS AND ELECTRONICS,2015-07,14650.0,6,31,0.1935483870967742,2015-07-01,2015,7,13084.0,12768.0,9244.666666666666,4622.333333333333,7376.083333333333
PLAYERS AND ELECTRONICS,2015-08,19021.0,12,31,0.3870967741935484,2015-08-01,2015,8,14650.0,0.0,15585.0,7792.5,8961.166666666666
PLAYERS AND ELECTRONICS,2015-09,18213.0,8,30,0.26666666666666666,2015-09-01,2015,9,19021.0,13432.0,17294.666666666668,10828.0,9359.583333333334
PLAYERS AND ELECTRONICS,2015-10,16580.0,4,31,0.12903225806451613,2015-10-01,2015,10,18213.0,13015.0,17938.0,13591.333333333334,9656.666666666666
PLAYERS AND ELECTRONICS,2015-11,15864.0,5,30,0.16666666666666666,2015-11-01,2015,11,16580.0,14396.0,16885.666666666668,16235.333333333334,9779.0
PLAYERS AND ELECTRONICS,2015-12,19916.0,8,31,0.25806451612903225,2015-12-01,2015,12,15864.0,19936.0,17453.333333333332,17374.0,9777.333333333334
PLAYERS AND ELECTRONICS,2016-01,14277.0,3,31,0.0967741935483871,2016-01-01,2016,1,19916.0,0.0,16685.666666666668,17311.833333333332,10967.083333333334
PLAYERS AND ELECTRONICS,2016-02,13385.0,4,29,0.13793103448275862,2016-02-01,2016,2,14277.0,0.0,15859.333333333334,16372.5,12082.5
PLAYERS AND ELECTRONICS,2016-03,14326.0,11,31,0.3548387096774194,2016-03-01,2016,3,13385.0,0.0,13996.0,15724.666666666666,13276.333333333334
PLAYERS AND ELECTRONICS,2016-04,18583.0,12,30,0.4,2016-04-01,2016,4,14326.0,0.0,15431.333333333334,16058.5,14824.916666666666
PLAYERS AND ELECTRONICS,2016-05,15911.0,276,31,8.903225806451612,2016-05-01,2016,5,18583.0,0.0,16273.333333333334,16066.333333333334,16150.833333333334
PLAYERS AND ELECTRONICS,2016-06,13517.0,9,30,0.3,2016-06-01,2016,6,15911.0,13084.0,16003.666666666666,14999.833333333334,16186.916666666666
PLAYERS AND ELECTRONICS,2016-07,15342.0,2,31,0.06451612903225806,2016-07-01,2016,7,13517.0,14650.0,14923.333333333334,15177.333333333334,16244.583333333334
PLAYERS AND ELECTRONICS,2016-08,15084.0,1,31,0.03225806451612903,2016-08-01,2016,8,15342.0,19021.0,14647.666666666666,15460.5,15916.5
PLAYERS AND ELECTRONICS,2016-09,14950.0,8,30,0.26666666666666666,2016-09-01,2016,9,15084.0,18213.0,15125.333333333334,15564.5,15644.583333333334
PLAYERS AND ELECTRONICS,2016-10,16738.0,377,31,12.161290322580646,2016-10-01,2016,10,14950.0,16580.0,15590.666666666666,15257.0,15657.75
PLAYERS AND ELECTRONICS,2016-11,17485.0,75,30,2.5,2016-11-01,2016,11,16738.0,15864.0,16391.0,15519.333333333334,15792.833333333334
PLAYERS AND ELECTRONICS,2016-12,26175.0,6,31,0.1935483870967742,2016-12-01,2016,12,17485.0,19916.0,20132.666666666668,17629.0,16314.416666666666
PLAYERS AND ELECTRONICS,2017-01,19958.0,3,31,0.0967741935483871,2017-01-01,2017,1,26175.0,14277.0,21206.0,18398.333333333332,16787.833333333332
PLAYERS AND ELECTRONICS,2017-02,17003.0,4,28,0.14285714285714285,2017-02-01,2017,2,19958.0,13385.0,21045.333333333332,18718.166666666668,17089.333333333332
POULTRY,2013-02,284366.357897,0,28,0.0,2013-02-01,2013,2,304256.8359325,,294311.59691475,294311.59691475,294311.59691475
POULTRY,2013-03,318799.460727,0,31,0.0,2013-03-01,2013,3,284366.357897,,302474.2181855,302474.2181855,302474.2181855
POULTRY,2013-04,305240.522839,0,30,0.0,2013-04-01,2013,4,318799.460727,,302802.11382100004,303165.794348875,303165.794348875
POULTRY,2013-05,321628.685602,0,31,0.0,2013-05-01,2013,5,305240.522839,,315222.88972266664,306858.3725995,306858.3725995
POULTRY,2013-06,327351.3931176,0,30,0.0,2013-06-01,2013,6,321628.685602,,318073.5338528667,310273.8760191833,310273.8760191833
POULTRY,2013-07,313583.927932,0,31,0.0,2013-07-01,2013,7,327351.3931176,,320854.6688838667,311828.3913524333,310746.7405781572
POULTRY,2013-08,326411.2138817,0,31,0.0,2013-08-01,2013,8,313583.927932,,322448.8449771,318835.86734988337,312704.7997411
POULTRY,2013-09,332689.069863,0,30,0.0,2013-09-01,2013,9,326411.2138817,,324228.0705589,321150.8022058834,314925.27419908886
POULTRY,2013-10,336496.272221,0,31,0.0,2013-10-01,2013,10,332689.069863,,331865.5186552333,326360.09376955003,317082.37400128
POULTRY,2013-11,576809.102294,0,30,0.0,2013-11-01,2013,11,336496.272221,,415331.4814593333,368890.1632182167,340693.89475516364
POULTRY,2013-12,672213.165255,0,31,0.0,2013-12-01,2013,12,576809.102294,,528506.1799233333,426367.1252411166,368320.50063015
POULTRY,2014-01,627749.216033,0,31,0.0,2014-01-01,2014,1,672213.165255,304256.8359325,625590.4945273334,478728.0065912833,395278.1989718583
POULTRY,2014-02,581511.244009,0,28,0.0,2014-02-01,2014,2,627749.216033,284366.357897,627157.875099,521244.67827916663,420040.27281452506
POULTRY,2014-03,654438.654697,0,31,0.0,2014-03-01,2014,3,581511.244009,318799.460727,621233.0382463335,574869.6090848333,448010.20564535836
POULTRY,2014-04,562509.106268,203,30,6.766666666666667,2014-04-01,2014,4,654438.654697,305240.522839,599486.3349913334,612538.4147593334,469449.2542644417
POULTRY,2014-05,600606.514715,1509,31,48.67741935483871,2014-05-01,2014,5,562509.106268,321628.685602,605851.4252266666,616504.6501628334,492697.40669052507
POULTRY,2014-06,589002.147832,2598,30,86.6,2014-06-01,2014,6,600606.514715,327351.3931176,584039.2562716667,602636.1472590001,514501.63625005836
POULTRY,2014-07,600019.099819,4969,31,160.29032258064515,2014-07-01,2014,7,589002.147832,313583.927932,596542.5874553333,598014.4612233334,538371.2339073083
POULTRY,2014-08,626266.605564,5408,31,174.4516129032258,2014-08-01,2014,8,600019.099819,326411.2138817,605095.9510716667,605473.6881491666,563359.1832141667
POULTRY,2014-09,630431.932034,4671,30,155.7,2014-09-01,2014,9,626266.605564,332689.069863,618905.879139,601472.5677053333,588171.0883950833
POULTRY,2014-10,635465.697194,5826,31,187.93548387096774,2014-10-01,2014,10,630431.932034,336496.272221,630721.4115973334,613631.9995263334,613085.2071428334
POULTRY,2014-11,638615.99734,4962,30,165.4,2014-11-01,2014,11,635465.697194,576809.102294,634837.8755226666,619966.9132971667,618235.78173
POULTRY,2014-12,684696.359094,6183,31,199.4516129032258,2014-12-01,2014,12,638615.99734,672213.165255,652926.017876,635915.9485075,619276.04788325
POULTRY,2015-01,641383.382107,6504,31,209.80645161290323,2015-01-01,2015,1,684696.359094,627749.216033,654898.5795136666,642809.9955555,620412.2283894167
POULTRY,2015-02,566082.175503,5068,28,181.0,2015-02-01,2015,2,641383.382107,581511.244009,630720.6389013333,632779.257212,619126.4726805832
POULTRY,2015-03,644374.724782,5077,31,163.7741935483871,2015-03-01,2015,3,566082.175503,654438.654697,617280.0941306666,635103.0560033334,618287.8118543333
POULTRY,2015-04,604203.471045,5325,30,177.5,2015-04-01,2015,4,644374.724782,562509.106268,604886.7904433333,629892.6849785,621762.3422524167
POULTRY,2015-05,663035.941336,5865,31,189.19354838709677,2015-05-01,2015,5,604203.471045,600606.514715,637204.7123876666,633962.6756445001,626964.7944708333
POULTRY,2015-06,616524.182189,5113,30,170.43333333333334,2015-06-01,2015,6,663035.941336,589002.147832,627921.19819,622600.6461603333,629258.2973339166
POULTRY,2015-07,641989.035386,6234,31,201.09677419354838,2015-07-01,2015,7,616524.182189,600019.099819,640516.3863036666,622701.5883734999,632755.7919645
POULTRY,2015-08,635224.973362,5372,31,173.29032258064515,2015-08-01,2015,8,641989.035386,626266.605564,631246.0636456666,634225.3880166666,633502.3226143334
POULTRY,2015-09,614447.425565,5138,30,171.26666666666668,2015-09-01,2015,9,635224.973362,630431.932034,630553.8114376666,629237.5048138333,632170.2804085833
POULTRY,2015-10,679503.3993027,6203,31,200.09677419354838,2015-10-01,2015,10,614447.425565,635465.697194,643058.5994099,641787.4928567832,635840.0889176416
POULTRY,2015-11,662504.421116,5284,30,176.13333333333333,2015-11-01,2015,11,679503.3993027,638615.99734,652151.7486612335,641698.9061534499,637830.790898975
POULTRY,2015-12,679621.19214,4207,31,135.70967741935485,2015-12-01,2015,12,662504.421116,684696.359094,673876.3375195666,652215.0744786166,637407.8603194751
POULTRY,2016-01,647947.552835,5455,31,175.96774193548387,2016-01-01,2016,1,679621.19214,641383.382107,663357.7220303334,653208.1607201167,637954.8745468083
POULTRY,2016-02,623956.104828,4956,29,170.89655172413794,2016-02-01,2016,2,647947.552835,566082.175503,650508.2832676667,651330.01596445,642777.7019905584
POULTRY,2016-03,616070.227746,5113,31,164.93548387096774,2016-03-01,2016,3,623956.104828,644374.724782,629324.6284696666,651600.4829946167,640418.993904225
POULTRY,2016-04,645681.331094,6924,30,230.8,2016-04-01,2016,4,616070.227746,604203.471045,628569.2212226667,645963.4716265,643875.4822416417
POULTRY,2016-05,645478.513026,6573,31,212.03225806451613,2016-05-01,2016,5,645681.331094,663035.941336,635743.3572886667,643125.8202781667,642412.3632158084
POULTRY,2016-06,593441.9426755,9262,30,308.73333333333335,2016-06-01,2016,6,645478.513026,616524.182189,628200.5955984999,628762.6120340832,640488.84325635
POULTRY,2016-07,643886.70543,7968,31,257.03225806451616,2016-07-01,2016,7,593441.9426755,641989.035386,627602.3870438333,628085.80413325,640646.9824266833
POULTRY,2016-08,586723.178445,5437,31,175.38709677419354,2016-08-01,2016,8,643886.70543,635224.973362,608017.2755168333,621880.31640275,636605.1661836
POULTRY,2016-09,591788.740321,6436,30,214.53333333333333,2016-09-01,2016,9,586723.178445,614447.425565,607466.2080653333,617833.4018319166,634716.9424132666
POULTRY,2016-10,631524.957142,5537,31,178.61290322580646,2016-10-01,2016,10,591788.740321,679503.3993027,603345.6253026667,615474.0061732499,630718.7388998751
POULTRY,2016-11,633331.222286,5607,30,186.9,2016-11-01,2016,11,631524.957142,662504.421116,618881.6399163334,613449.4577165833,628287.638997375
POULTRY,2016-12,701211.383981,7405,31,238.8709677419355,2016-12-01,2016,12,633331.222286,679621.19214,655355.8544696666,631411.0312675,630086.8216507917
POULTRY,2017-01,677062.5948,5962,31,192.32258064516128,2017-01-01,2017,1,701211.383981,647947.552835,670535.0670223334,636940.3461625,632513.075147875
POULTRY,2017-02,591904.04385,5921,28,211.46428571428572,2017-02-01,2017,2,677062.5948,623956.104828,656726.0075436668,637803.82373,629842.070066375
PREPARED FOODS,2013-02,127108.537064,0,28,0.0,2013-02-01,2013,2,136488.049961,,131798.2935125,131798.2935125,131798.2935125
PREPARED FOODS,2013-03,151266.292022,0,31,0.0,2013-03-01,2013,3,127108.537064,,138287.626349,138287.626349,138287.626349
PREPARED FOODS,2013-04,131131.67577,0,30,0.0,2013-04-01,2013,4,151266.292022,,136502.16828533332,136498.63870425,136498.63870425
PREPARED FOODS,2013-05,142367.145905,0,31,0.0,2013-05-01,2013,5,131131.67577,,141588.37123233333,137672.34014440002,137672.34014440002
PREPARED FOODS,2013-06,142008.431049,0,30,0.0,2013-06-01,2013,6,142367.145905,,138502.41757466667,138395.02196183335,138395.02196183335
PREPARED FOODS,2013-07,141222.711093,0,31,0.0,2013-07-01,2013,7,142008.431049,,141866.0960156667,139184.1321505,138798.977552
PREPARED FOODS,2013-08,142408.42181,0,31,0.0,2013-08-01,2013,8,141222.711093,,141879.85465066668,141734.1129415,139250.15808425
PREPARED FOODS,2013-09,136714.758933,0,30,0.0,2013-09-01,2013,9,142408.42181,,140115.29727866667,139308.85742666665,138968.44706744445
PREPARED FOODS,2013-10,133955.487036,0,31,0.0,2013-10-01,2013,10,136714.758933,,137692.88925966667,139779.49263766667,138467.1510643
PREPARED FOODS,2013-11,141686.397899,0,30,0.0,2013-11-01,2013,11,133955.487036,,137452.21462266668,139666.03463666665,138759.80986745455
PREPARED FOODS,2013-12,150117.81589600001,0,31,0.0,2013-12-01,2013,12,141686.397899,,141919.900277,141017.5987778333,139706.31036983334
PREPARED FOODS,2014-01,158104.841101,0,31,0.0,2014-01-01,2014,1,150117.81589600001,136488.049961,149969.68496533332,143831.28711250002,141507.7096315
PREPARED FOODS,2014-02,136125.602996,0,28,0.0,2014-02-01,2014,2,158104.841101,127108.537064,148116.08666433333,142784.1506435,142259.1317925
PREPARED FOODS,2014-03,163798.515854,0,31,0.0,2014-03-01,2014,3,136125.602996,151266.292022,152676.31998366668,147298.11013033334,143303.4837785
PREPARED FOODS,2014-04,149931.333846,8,30,0.26666666666666666,2014-04-01,2014,4,163798.515854,131131.67577,149951.81756533333,149960.75126533335,144870.1219515
PREPARED FOODS,2014-05,147016.807927,39,31,1.2580645161290323,2014-05-01,2014,5,149931.333846,142367.145905,153582.219209,150849.15293666668,145257.59378666666
PREPARED FOODS,2014-06,145496.405228,67,30,2.2333333333333334,2014-06-01,2014,6,147016.807927,142008.431049,147481.515667,150078.9178253333,145548.25830158332
PREPARED FOODS,2014-07,151042.76095,273,31,8.806451612903226,2014-07-01,2014,7,145496.405228,141222.711093,147851.99136833334,148901.9044668333,146366.59578966667
PREPARED FOODS,2014-08,147313.44107,157,31,5.064516129032258,2014-08-01,2014,8,151042.76095,142408.42181,147950.86908266667,150766.54414583332,146775.34739466666
PREPARED FOODS,2014-09,151729.928132,227,30,7.566666666666666,2014-09-01,2014,9,147313.44107,136714.758933,150028.71005066668,148755.1128588333,148026.61149458334
PREPARED FOODS,2014-10,160802.076142,272,31,8.774193548387096,2014-10-01,2014,10,151729.928132,133955.487036,153281.81511466668,150566.9032415,150263.82725341668
PREPARED FOODS,2014-11,156105.036057,240,30,8.0,2014-11-01,2014,11,160802.076142,141686.397899,156212.346777,152081.60792983332,151465.38043325001
PREPARED FOODS,2014-12,153037.453056,259,31,8.35483870967742,2014-12-01,2014,12,156105.036057,150117.81589600001,156648.18841833333,153338.44923449997,151708.68352991666
PREPARED FOODS,2015-01,154989.042965,170,31,5.483870967741935,2015-01-01,2015,1,153037.453056,158104.841101,154710.51069266666,153996.16290366667,151449.03368525
PREPARED FOODS,2015-02,141031.645971,212,28,7.571428571428571,2015-02-01,2015,2,154989.042965,136125.602996,149686.04733066665,152949.1970538333,151857.87059983335
PREPARED FOODS,2015-03,160126.780967,141,31,4.548387096774194,2015-03-01,2015,3,141031.645971,163798.515854,152049.15663433334,154348.67252633334,151551.89269258332
PREPARED FOODS,2015-04,154670.12103,143,30,4.766666666666667,2015-04-01,2015,4,160126.780967,149931.333846,151942.84932266668,153326.68000766667,151946.79162458333
PREPARED FOODS,2015-05,157764.039051,169,31,5.451612903225806,2015-05-01,2015,5,154670.12103,147016.807927,157520.31368266666,153603.18050666666,152842.39421825
PREPARED FOODS,2015-06,162337.996924,558,30,18.6,2015-06-01,2015,6,157764.039051,145496.405228,158257.38566833336,155153.27115133335,154245.86019291668
PREPARED FOODS,2015-07,173992.749984,1109,31,35.774193548387096,2015-07-01,2015,7,162337.996924,151042.76095,164698.26198633332,158320.5556545,156158.35927908332
PREPARED FOODS,2015-08,175323.635927,998,31,32.193548387096776,2015-08-01,2015,8,173992.749984,147313.44107,170551.46094499997,164035.88731383334,158492.54218383334
PREPARED FOODS,2015-09,175876.483981,1230,30,41.0,2015-09-01,2015,9,175323.635927,151729.928132,175064.289964,166660.83781616666,160504.75517125
PREPARED FOODS,2015-10,182636.189045,1059,31,34.16129032258065,2015-10-01,2015,10,175876.483981,160802.076142,177945.43631766667,171321.849152,162324.26457983334
PREPARED FOODS,2015-11,177277.299061,1010,30,33.666666666666664,2015-11-01,2015,11,182636.189045,156105.036057,178596.65736233335,174574.0591536667,164088.61983016666
PREPARED FOODS,2015-12,178843.000085,1237,31,39.903225806451616,2015-12-01,2015,12,177277.299061,153037.453056,179585.49606366665,177324.89301383332,166239.08208258334
PREPARED FOODS,2016-01,178495.95,1012,31,32.645161290322584,2016-01-01,2016,1,178843.000085,154989.042965,178205.416382,178075.42634983335,168197.99100216667
PREPARED FOODS,2016-02,166330.143981,1027,29,35.41379310344828,2016-02-01,2016,2,178495.95,141031.645971,174556.36468866668,176576.51102550002,170306.19916966665
PREPARED FOODS,2016-03,180492.361001,1312,31,42.32258064516129,2016-03-01,2016,3,166330.143981,160126.780967,175106.15166066668,177345.82386216664,172003.33083916668
PREPARED FOODS,2016-04,175991.307998,1134,30,37.8,2016-04-01,2016,4,180492.361001,154670.12103,174271.27099333334,176238.3436876667,173780.09641983334
PREPARED FOODS,2016-05,175327.396089,1563,31,50.41935483870968,2016-05-01,2016,5,175991.307998,157764.039051,177270.35502933335,175913.359859,175243.70950633334
PREPARED FOODS,2016-06,166893.046994,1518,30,50.6,2016-06-01,2016,6,175327.396089,162337.996924,172737.25036033333,173921.7010105,175623.29701216667
PREPARED FOODS,2016-07,174941.788953,1417,31,45.70967741935484,2016-07-01,2016,7,166893.046994,173992.749984,172387.41067866667,173329.34083600002,175702.38359291668
PREPARED FOODS,2016-08,165052.257914,1737,31,56.03225806451613,2016-08-01,2016,8,174941.788953,175323.635927,168962.36462033333,173116.35982483334,174846.43542516665
PREPARED FOODS,2016-09,168945.953003,1589,30,52.96666666666667,2016-09-01,2016,9,165052.257914,175876.483981,169646.66662333332,171191.95849183333,174268.89117699998
PREPARED FOODS,2016-10,174430.583864,1285,31,41.45161290322581,2016-10-01,2016,10,168945.953003,182636.189045,169476.26492699998,170931.83780283332,173585.09074525
PREPARED FOODS,2016-11,164817.207884,2482,30,82.73333333333333,2016-11-01,2016,11,174430.583864,177277.299061,169397.914917,169180.13976866668,172546.74981383333
PREPARED FOODS,2016-12,177356.454062,2594,31,83.6774193548387,2016-12-01,2016,12,164817.207884,178843.000085,172201.41527,170924.04094666665,172422.87097858332
PREPARED FOODS,2017-01,187944.610045,3043,31,98.16129032258064,2017-01-01,2017,1,177356.454062,178495.95,176706.0906636667,173091.17779533335,173210.25931566666
PREPARED FOODS,2017-02,178282.747026,2501,28,89.32142857142857,2017-02-01,2017,2,187944.610045,166330.143981,181194.60371099997,175296.259314,174206.30956941668
PRODUCE,2013-02,0.0,0,28,0.0,2013-02-01,2013,2,0.0,,0.0,0.0,0.0
PRODUCE,2013-03,4037.0,0,31,0.0,2013-03-01,2013,3,0.0,,1345.6666666666667,1345.6666666666667,1345.6666666666667
PRODUCE,2013-04,6308.0,0,30,0.0,2013-04-01,2013,4,4037.0,,3448.3333333333335,2586.25,2586.25
PRODUCE,2013-05,8836.0,0,31,0.0,2013-05-01,2013,5,6308.0,,6393.666666666667,3836.2,3836.2
PRODUCE,2013-06,8631.0,0,30,0.0,2013-06-01,2013,6,8836.0,,7925.0,4635.333333333333,4635.333333333333
PRODUCE,2013-07,7463.0,0,31,0.0,2013-07-01,2013,7,8631.0,,8310.0,5879.166666666667,5039.285714285715
PRODUCE,2013-08,8118.0,0,31,0.0,2013-08-01,2013,8,7463.0,,8070.666666666667,7232.166666666667,5424.125
PRODUCE,2013-09,6821.0,0,30,0.0,2013-09-01,2013,9,8118.0,,7467.333333333333,7696.166666666667,5579.333333333333
PRODUCE,2013-10,5910.0,0,31,0.0,2013-10-01,2013,10,6821.0,,6949.666666666667,7629.833333333333,5612.4
PRODUCE,2013-11,6887.0,0,30,0.0,2013-11-01,2013,11,5910.0,,6539.333333333333,7305.0,5728.272727272727
PRODUCE,2013-12,9794.0,0,31,0.0,2013-12-01,2013,12,6887.0,,7530.333333333333,7498.833333333333,6067.083333333333
PRODUCE,2014-01,3243616.58327,0,31,0.0,2014-01-01,2014,1,9794.0,0.0,1086765.86109,546857.7638783333,276368.4652725
PRODUCE,2014-02,6576.0,0,28,0.0,2014-02-01,2014,2,3243616.58327,0.0,1086662.1944233333,546600.7638783333,276916.4652725
PRODUCE,2014-03,3352346.250876,0,31,0.0,2014-03-01,2014,3,6576.0,4037.0,2200846.2780486667,1104188.305691,555942.2361788334
PRODUCE,2014-04,7152.0,1,30,0.03333333333333333,2014-04-01,2014,4,3352346.250876,6308.0,1122024.7502920001,1104395.305691,556012.5695121667
PRODUCE,2014-05,9094.0,18,31,0.5806451612903226,2014-05-01,2014,5,7152.0,8836.0,1122864.0836253334,1104763.1390243333,556034.0695121667
PRODUCE,2014-06,8283.0,32,30,1.0666666666666667,2014-06-01,2014,6,9094.0,8631.0,8176.333333333333,1104511.305691,556005.0695121667
PRODUCE,2014-07,3216023.256304,28607,31,922.8064516129032,2014-07-01,2014,7,8283.0,7463.0,1077800.0854346666,1099912.4178633334,823385.0908708334
PRODUCE,2014-08,8265.0,83,31,2.6774193548387095,2014-08-01,2014,8,3216023.256304,8118.0,1077523.7521013333,1100193.9178633334,823397.3408708334
PRODUCE,2014-09,3388714.61249,25689,30,856.3,2014-09-01,2014,9,8265.0,6821.0,2204334.289598,1106255.3114656666,1105221.8085783334
PRODUCE,2014-10,3380437.00928,28453,31,917.8387096774194,2014-10-01,2014,10,3388714.61249,5910.0,2259138.8739233334,1668469.4796789999,1386432.392685
PRODUCE,2014-11,3346861.56419,24830,30,827.6666666666666,2014-11-01,2014,11,3380437.00928,6887.0,3372004.39532,2224764.0737106665,1664763.6063674998
PRODUCE,2014-12,3545158.514066,32288,31,1041.5483870967741,2014-12-01,2014,12,3346861.56419,9794.0,3424152.362512,2814243.326055,1959377.315873
PRODUCE,2015-01,7554.0,82,31,2.6451612903225805,2015-01-01,2015,1,3545158.514066,3243616.58327,2299858.0260853334,2279498.450004333,1689705.4339338336
PRODUCE,2015-02,7907.0,85,28,3.0357142857142856,2015-02-01,2015,2,7554.0,6576.0,1186873.1713553334,2279438.7833376667,1689816.3506005004
PRODUCE,2015-03,6905.0,77,31,2.4838709677419355,2015-03-01,2015,3,7907.0,3352346.250876,7455.333333333333,1715803.8479226667,1411029.5796941668
PRODUCE,2015-04,7163.0,109,30,3.6333333333333333,2015-04-01,2015,4,6905.0,7152.0,7325.0,1153591.5130426667,1411030.4963608335
PRODUCE,2015-05,10172.0,81,31,2.6129032258064515,2015-05-01,2015,5,7163.0,9094.0,8080.0,597476.5856776667,1411120.3296941668
PRODUCE,2015-06,3519216.54399,29727,30,990.9,2015-06-01,2015,6,10172.0,8283.0,1178850.5146633333,593152.9239983334,1703698.1250266666
PRODUCE,2015-07,3583142.789944,31602,31,1019.4193548387096,2015-07-01,2015,7,3519216.54399,3216023.256304,2370843.7779779998,1189084.3889889999,1734291.4194966666
PRODUCE,2015-08,3562251.92368,28335,31,914.0322580645161,2015-08-01,2015,8,3583142.789944,8265.0,3554870.4192046667,1781475.2096023334,2030456.99647
PRODUCE,2015-09,3599059.59415,35919,30,1197.3,2015-09-01,2015,9,3562251.92368,3388714.61249,3581484.769258,2380167.641960667,2047985.7449416667
PRODUCE,2015-10,3615706.45023,29548,31,953.1612903225806,2015-10-01,2015,10,3599059.59415,3380437.00928,3592339.3226866666,2981591.5503323334,2067591.5316875
PRODUCE,2015-11,3624200.81428,30031,30,1001.0333333333333,2015-11-01,2015,11,3615706.45023,3346861.56419,3612988.9528866666,3583929.6860456667,2090703.1358616669
PRODUCE,2015-12,4052565.440184,38472,31,1241.032258064516,2015-12-01,2015,12,3624200.81428,3545158.514066,3764157.568231333,3672821.1687446665,2132987.0463714995
PRODUCE,2016-01,3980591.69598,30570,31,986.1290322580645,2016-01-01,2016,1,4052565.440184,7554.0,3885785.983481333,3739062.653084,2464073.5210364996
PRODUCE,2016-02,3585008.59157,30332,29,1045.9310344827586,2016-02-01,2016,2,3980591.69598,7907.0,3872721.9092446663,3742855.431065666,2762165.320334
PRODUCE,2016-03,3786813.37098,37640,31,1214.1935483870968,2016-03-01,2016,3,3585008.59157,6905.0,3784137.8861766667,3774147.727204,3077157.6845823335
PRODUCE,2016-04,3621327.48513,30973,30,1032.4333333333334,2016-04-01,2016,4,3786813.37098,7163.0,3664383.149226667,3775084.5663540005,3378338.0583431665
PRODUCE,2016-05,3832996.612716,37847,31,1220.8709677419354,2016-05-01,2016,5,3621327.48513,10172.0,3747045.822942,3809883.866093334,3696906.7760694996
PRODUCE,2016-06,3560052.78525,37096,30,1236.5333333333333,2016-06-01,2016,6,3832996.612716,3519216.54399,3671458.961032,3727798.4236043333,3700309.7961744997
PRODUCE,2016-07,3609957.43776,30816,31,994.0645161290323,2016-07-01,2016,7,3560052.78525,3583142.789944,3667668.9452420003,3666026.0472343336,3702544.3501591664
PRODUCE,2016-08,3489905.476504,41131,31,1326.8064516129032,2016-08-01,2016,8,3609957.43776,3562251.92368,3553305.233171333,3650175.5280566667,3696515.4795611664
PRODUCE,2016-09,3427137.60763,30992,30,1033.0666666666666,2016-09-01,2016,9,3489905.476504,3599059.59415,3509000.1739646667,3590229.5674983333,3682188.6473511662
PRODUCE,2016-10,3673368.54929,47717,31,1539.258064516129,2016-10-01,2016,10,3427137.60763,3615706.45023,3530137.2111413334,3598903.0781916664,3686993.8222728334
PRODUCE,2016-11,3605235.8078,41908,30,1396.9333333333334,2016-11-01,2016,11,3673368.54929,3624200.81428,3568580.6549066664,3560942.944039,3685413.4050661665
PRODUCE,2016-12,4075705.02255,40847,31,1317.6451612903227,2016-12-01,2016,12,3605235.8078,4052565.440184,3784769.7932133335,3646884.9835890005,3687341.703596667
PRODUCE,2017-01,4060896.89895,42714,31,1377.8709677419354,2017-01-01,2017,1,4075705.02255,3980591.69598,3913945.9097666666,3722041.560454,3694033.8038441665
PRODUCE,2017-02,3571332.77303,36087,28,1288.8214285714287,2017-02-01,2017,2,4060896.89895,3585008.59157,3902644.8981766663,3735612.7765416666,3692894.152299166
SCHOOL AND OFFICE SUPPLIES,2013-02,0.0,0,28,0.0,2013-02-01,2013,2,0.0,,0.0,0.0,0.0
SCHOOL AND OFFICE SUPPLIES,2013-03,0.0,0,31,0.0,2013-03-01,2013,3,0.0,,0.0,0.0,0.0
SCHOOL AND OFFICE SUPPLIES,2013-04,0.0,0,30,0.0,2013-04-01,2013,4,0.0,,0.0,0.0,0.0
SCHOOL AND OFFICE SUPPLIES,2013-05,0.0,0,31,0.0,2013-05-01,2013,5,0.0,,0.0,0.0,0.0
SCHOOL AND OFFICE SUPPLIES,2013-06,0.0,0,30,0.0,2013-06-01,2013,6,0.0,,0.0,0.0,0.0
SCHOOL AND OFFICE SUPPLIES,2013-07,0.0,0,31,0.0,2013-07-01,2013,7,0.0,,0.0,0.0,0.0
SCHOOL AND OFFICE SUPPLIES,2013-08,0.0,0,31,0.0,2013-08-01,2013,8,0.0,,0.0,0.0,0.0
SCHOOL AND OFFICE SUPPLIES,2013-09,0.0,0,30,0.0,2013-09-01,2013,9,0.0,,0.0,0.0,0.0
SCHOOL AND OFFICE SUPPLIES,2013-10,0.0,0,31,0.0,2013-10-01,2013,10,0.0,,0.0,0.0,0.0
SCHOOL AND OFFICE SUPPLIES,2013-11,0.0,0,30,0.0,2013-11-01,2013,11,0.0,,0.0,0.0,0.0
SCHOOL AND OFFICE SUPPLIES,2013-12,0.0,0,31,0.0,2013-12-01,2013,12,0.0,,0.0,0.0,0.0
SCHOOL AND OFFICE SUPPLIES,2014-01,1861.0,0,31,0.0,2014-01-01,2014,1,0.0,0.0,620.3333333333334,310.1666666666667,155.08333333333334
SCHOOL AND OFFICE SUPPLIES,2014-02,0.0,0,28,0.0,2014-02-01,2014,2,1861.0,0.0,620.3333333333334,310.1666666666667,155.08333333333334
SCHOOL AND OFFICE SUPPLIES,2014-03,2235.0,0,31,0.0,2014-03-01,2014,3,0.0,0.0,1365.3333333333333,682.6666666666666,341.3333333333333
SCHOOL AND OFFICE SUPPLIES,2014-04,0.0,0,30,0.0,2014-04-01,2014,4,2235.0,0.0,745.0,682.6666666666666,341.3333333333333
SCHOOL AND OFFICE SUPPLIES,2014-05,0.0,0,31,0.0,2014-05-01,2014,5,0.0,0.0,745.0,682.6666666666666,341.3333333333333
SCHOOL AND OFFICE SUPPLIES,2014-06,0.0,0,30,0.0,2014-06-01,2014,6,0.0,0.0,0.0,682.6666666666666,341.3333333333333
SCHOOL AND OFFICE SUPPLIES,2014-07,1958.0,0,31,0.0,2014-07-01,2014,7,0.0,0.0,652.6666666666666,698.8333333333334,504.5
SCHOOL AND OFFICE SUPPLIES,2014-08,0.0,0,31,0.0,2014-08-01,2014,8,1958.0,0.0,652.6666666666666,698.8333333333334,504.5
SCHOOL AND OFFICE SUPPLIES,2014-09,18367.0,153,30,5.1,2014-09-01,2014,9,0.0,0.0,6775.0,3387.5,2035.0833333333333
SCHOOL AND OFFICE SUPPLIES,2014-10,3026.0,1,31,0.03225806451612903,2014-10-01,2014,10,18367.0,0.0,7131.0,3891.8333333333335,2287.25
SCHOOL AND OFFICE SUPPLIES,2014-11,2546.0,0,30,0.0,2014-11-01,2014,11,3026.0,0.0,7979.666666666667,4316.166666666667,2499.4166666666665
SCHOOL AND OFFICE SUPPLIES,2014-12,1992.0,1,31,0.03225806451612903,2014-12-01,2014,12,2546.0,0.0,2521.3333333333335,4648.166666666667,2665.4166666666665
SCHOOL AND OFFICE SUPPLIES,2015-01,0.0,0,31,0.0,2015-01-01,2015,1,1992.0,1861.0,1512.6666666666667,4321.833333333333,2510.3333333333335
SCHOOL AND OFFICE SUPPLIES,2015-02,0.0,0,28,0.0,2015-02-01,2015,2,0.0,0.0,664.0,4321.833333333333,2510.3333333333335
SCHOOL AND OFFICE SUPPLIES,2015-03,0.0,0,31,0.0,2015-03-01,2015,3,0.0,2235.0,0.0,1260.6666666666667,2324.0833333333335
SCHOOL AND OFFICE SUPPLIES,2015-04,0.0,0,30,0.0,2015-04-01,2015,4,0.0,0.0,0.0,756.3333333333334,2324.0833333333335
SCHOOL AND OFFICE SUPPLIES,2015-05,0.0,0,31,0.0,2015-05-01,2015,5,0.0,0.0,0.0,332.0,2324.0833333333335
SCHOOL AND OFFICE SUPPLIES,2015-06,1994.0,2,30,0.06666666666666667,2015-06-01,2015,6,0.0,0.0,664.6666666666666,332.3333333333333,2490.25
SCHOOL AND OFFICE SUPPLIES,2015-07,1545.0,1,31,0.03225806451612903,2015-07-01,2015,7,1994.0,1958.0,1179.6666666666667,589.8333333333334,2455.8333333333335
SCHOOL AND OFFICE SUPPLIES,2015-08,16148.0,350,31,11.290322580645162,2015-08-01,2015,8,1545.0,0.0,6562.333333333333,3281.1666666666665,3801.5
SCHOOL AND OFFICE SUPPLIES,2015-09,15719.0,404,30,13.466666666666667,2015-09-01,2015,9,16148.0,18367.0,11137.333333333334,5901.0,3580.8333333333335
SCHOOL AND OFFICE SUPPLIES,2015-10,2927.0,3,31,0.0967741935483871,2015-10-01,2015,10,15719.0,3026.0,11598.0,6388.833333333333,3572.5833333333335
SCHOOL AND OFFICE SUPPLIES,2015-11,2612.0,3,30,0.1,2015-11-01,2015,11,2927.0,2546.0,7086.0,6824.166666666667,3578.0833333333335
SCHOOL AND OFFICE SUPPLIES,2015-12,2392.0,1,31,0.03225806451612903,2015-12-01,2015,12,2612.0,1992.0,2643.6666666666665,6890.5,3611.4166666666665
SCHOOL AND OFFICE SUPPLIES,2016-01,3108.0,4,31,0.12903225806451613,2016-01-01,2016,1,2392.0,0.0,2704.0,7151.0,3870.4166666666665
SCHOOL AND OFFICE SUPPLIES,2016-02,2815.0,3,29,0.10344827586206896,2016-02-01,2016,2,3108.0,0.0,2771.6666666666665,4928.833333333333,4105.0
SCHOOL AND OFFICE SUPPLIES,2016-03,3218.0,2,31,0.06451612903225806,2016-03-01,2016,3,2815.0,0.0,3047.0,2845.3333333333335,4373.166666666667
SCHOOL AND OFFICE SUPPLIES,2016-04,8950.0,873,30,29.1,2016-04-01,2016,4,3218.0,0.0,4994.333333333333,3849.1666666666665,5119.0
SCHOOL AND OFFICE SUPPLIES,2016-05,10427.0,1193,31,38.483870967741936,2016-05-01,2016,5,8950.0,0.0,7531.666666666667,5151.666666666667,5987.916666666667
SCHOOL AND OFFICE SUPPLIES,2016-06,2461.0,23,30,0.7666666666666667,2016-06-01,2016,6,10427.0,1994.0,7279.333333333333,5163.166666666667,6026.833333333333
SCHOOL AND OFFICE SUPPLIES,2016-07,1746.0,0,31,0.0,2016-07-01,2016,7,2461.0,1545.0,4878.0,4936.166666666667,6043.583333333333
SCHOOL AND OFFICE SUPPLIES,2016-08,17214.0,2271,31,73.25806451612904,2016-08-01,2016,8,1746.0,16148.0,7140.333333333333,7336.0,6132.416666666667
SCHOOL AND OFFICE SUPPLIES,2016-09,23556.0,1679,30,55.96666666666667,2016-09-01,2016,9,17214.0,15719.0,14172.0,10725.666666666666,6785.5
SCHOOL AND OFFICE SUPPLIES,2016-10,3128.0,70,31,2.2580645161290325,2016-10-01,2016,10,23556.0,2927.0,14632.666666666666,9755.333333333334,6802.25
SCHOOL AND OFFICE SUPPLIES,2016-11,2543.0,4,30,0.13333333333333333,2016-11-01,2016,11,3128.0,2612.0,9742.333333333334,8441.333333333334,6796.5
SCHOOL AND OFFICE SUPPLIES,2016-12,2050.0,0,31,0.0,2016-12-01,2016,12,2543.0,2392.0,2573.6666666666665,8372.833333333334,6768.0
SCHOOL AND OFFICE SUPPLIES,2017-01,2875.0,1,31,0.03225806451612903,2017-01-01,2017,1,2050.0,3108.0,2489.3333333333335,8561.0,6748.583333333333
SCHOOL AND OFFICE SUPPLIES,2017-02,1789.0,5,28,0.17857142857142858,2017-02-01,2017,2,2875.0,2815.0,2238.0,5990.166666666667,6663.083333333333
SEAFOOD,2013-02,33287.8859857,0,28,0.0,2013-02-01,2013,2,34953.8339978,,34120.859991749996,34120.859991749996,34120.859991749996
SEAFOOD,2013-03,40077.3299805,0,31,0.0,2013-03-01,2013,3,33287.8859857,,36106.349988,36106.349988,36106.349988
SEAFOOD,2013-04,34299.4039878,0,30,0.0,2013-04-01,2013,4,40077.3299805,,35888.206651333334,35654.61348795,35654.61348795
SEAFOOD,2013-05,37458.2580258,0,31,0.0,2013-05-01,2013,5,34299.4039878,,37278.33066469999,36015.34239552,36015.34239552
SEAFOOD,2013-06,29588.972995,0,30,0.0,2013-06-01,2013,6,37458.2580258,,33782.21166953333,34944.28082876666,34944.28082876666
SEAFOOD,2013-07,30672.9710153,0,31,0.0,2013-07-01,2013,7,29588.972995,,32573.4006787,34230.80366501667,34334.09371255714
SEAFOOD,2013-08,29603.820008,0,31,0.0,2013-08-01,2013,8,30672.9710153,,29955.254672766667,33616.79266873333,33742.8094994875
SEAFOOD,2013-09,32327.1639969,0,30,0.0,2013-09-01,2013,9,29603.820008,,30867.985006733332,32325.09833813333,33585.515554755555
SEAFOOD,2013-10,26725.0330211,0,31,0.0,2013-10-01,2013,10,32327.1639969,,29552.005675333334,31062.70317701667,32899.46730139
SEAFOOD,2013-11,25741.1249754,0,30,0.0,2013-11-01,2013,11,26725.0330211,,28264.440664466663,29109.847668616665,32248.70890811818
SEAFOOD,2013-12,27815.2989516,0,31,0.0,2013-12-01,2013,12,25741.1249754,,26760.48564936667,28814.23532805,31879.25807840833
SEAFOOD,2014-01,36938.3019024,0,31,0.0,2014-01-01,2014,1,27815.2989516,34953.8339978,30164.9086098,29858.457142566665,32044.630403791667
SEAFOOD,2014-02,29692.4681673,0,28,0.0,2014-02-01,2014,2,36938.3019024,33287.8859857,31482.0230071,29873.231835783332,31745.01225225833
SEAFOOD,2014-03,39993.117508,0,31,0.0,2014-03-01,2014,3,29692.4681673,40077.3299805,35541.29585923333,31150.890754300006,31737.994546216665
SEAFOOD,2014-04,31917.2332214,27,30,0.9,2014-04-01,2014,4,39993.117508,34299.4039878,33867.6062989,32016.257454349998,31539.480315683333
SEAFOOD,2014-05,35898.0289895,158,31,5.096774193548387,2014-05-01,2014,5,31917.2332214,37458.2580258,35936.12657296667,33709.07479003334,31409.461229325
SEAFOOD,2014-06,34519.9213066,241,30,8.033333333333333,2014-06-01,2014,6,35898.0289895,29588.972995,34111.72783916667,34826.511849200004,31820.373588624996
SEAFOOD,2014-07,33804.5705894,533,31,17.193548387096776,2014-07-01,2014,7,34519.9213066,30672.9710153,34740.84029516667,34304.223297033335,32081.3402198
SEAFOOD,2014-08,33844.5289822,661,31,21.322580645161292,2014-08-01,2014,8,33804.5705894,29603.820008,34056.34029273333,34996.23343285001,32434.732634316668
SEAFOOD,2014-09,35500.8480466,603,30,20.1,2014-09-01,2014,9,33844.5289822,32327.1639969,34383.315872733336,34247.52185595,32699.206305125
SEAFOOD,2014-10,41864.6870221,839,31,27.06451612903226,2014-10-01,2014,10,35500.8480466,26725.0330211,37070.0213503,35905.43082273333,33960.844138541666
SEAFOOD,2014-11,40098.6449972,663,30,22.1,2014-11-01,2014,11,41864.6870221,25741.1249754,39154.72668863333,36605.53349068333,35157.304140358334
SEAFOOD,2014-12,35862.343004199996,644,31,20.774193548387096,2014-12-01,2014,12,40098.6449972,27815.2989516,39275.22500783333,36829.270440283326,35827.89114474167
SEAFOOD,2015-01,40465.835012,813,31,26.225806451612904,2015-01-01,2015,1,35862.343004199996,36938.3019024,38808.941004466666,37939.481177383335,36121.85223720833
SEAFOOD,2015-02,36066.5610027,676,28,24.142857142857142,2015-02-01,2015,2,40465.835012,29692.4681673,37464.9130063,38309.819847466664,36653.026640158336
SEAFOOD,2015-03,43808.473074300004,683,31,22.032258064516128,2015-03-01,2015,3,36066.5610027,39993.117508,40113.62302966667,39694.42401875,36970.97293735
SEAFOOD,2015-04,39983.4710025,886,30,29.533333333333335,2015-04-01,2015,4,43808.473074300004,31917.2332214,39952.8350265,39380.88801548334,37643.159419108335
SEAFOOD,2015-05,42506.832015,1176,31,37.935483870967744,2015-05-01,2015,5,39983.4710025,35898.0289895,42099.5920306,39782.252518450005,38193.893004566664
SEAFOOD,2015-06,38780.5520041,1018,30,33.93333333333333,2015-06-01,2015,6,42506.832015,34519.9213066,40423.618340533336,40268.6206851,38548.94556269167
SEAFOOD,2015-07,38535.5880059,788,31,25.419354838709676,2015-07-01,2015,7,38780.5520041,33804.5705894,39940.990675,39946.912850750006,38943.19701406667
SEAFOOD,2015-08,37767.5809975,730,31,23.548387096774192,2015-08-01,2015,8,38535.5880059,33844.5289822,38361.24033583333,40230.416183216665,39270.118015341664
SEAFOOD,2015-09,41906.3740102,1127,30,37.56666666666667,2015-09-01,2015,9,37767.5809975,35500.8480466,39403.18100453333,39913.399672533335,39803.91184564167
SEAFOOD,2015-10,41423.9629634,905,31,29.193548387096776,2015-10-01,2015,10,41906.3740102,41864.6870221,40365.97265703333,40153.48166601666,39767.18484075
SEAFOOD,2015-11,38823.7610112,712,30,23.733333333333334,2015-11-01,2015,11,41423.9629634,40098.6449972,40718.0326616,39539.63649871667,39660.944508583336
SEAFOOD,2015-12,33728.2769727,554,31,17.870967741935484,2015-12-01,2015,12,38823.7610112,35862.343004199996,37992.000315766665,38697.590660149996,39483.105672625
SEAFOOD,2016-01,39268.3209571,740,31,23.870967741935484,2016-01-01,2016,1,33728.2769727,40465.835012,37273.452980333335,38819.71281868333,39383.312834716664
SEAFOOD,2016-02,37064.8269518,675,29,23.275862068965516,2016-02-01,2016,2,39268.3209571,36066.5610027,36687.1416272,38702.5871444,39466.50166380833
SEAFOOD,2016-03,39254.8089919,631,31,20.35483870967742,2016-03-01,2016,3,37064.8269518,43808.473074300004,38529.31896693333,38260.65964135,39087.02965694167
SEAFOOD,2016-04,39353.4670453,776,30,25.866666666666667,2016-04-01,2016,4,39254.8089919,39983.4710025,38557.70099633333,37915.576988333334,39034.529327175005
SEAFOOD,2016-05,40018.6439847,1638,31,52.83870967741935,2016-05-01,2016,5,39353.4670453,42506.832015,39542.30667396667,38114.72415058333,38827.18032465
SEAFOOD,2016-06,36849.8990121,2024,30,67.46666666666667,2016-06-01,2016,6,40018.6439847,38780.5520041,38740.670014033334,38634.99449048333,38666.292575316664
SEAFOOD,2016-07,39440.7330506,1862,31,60.064516129032256,2016-07-01,2016,7,36849.8990121,38535.5880059,38769.75868246667,38663.7298394,38741.72132904166
SEAFOOD,2016-08,39486.6519859,1695,31,54.67741935483871,2016-08-01,2016,8,39440.7330506,37767.5809975,38592.4280162,39067.36734508333,38884.97724474167
SEAFOOD,2016-09,39019.1399867,1572,30,52.4,2016-09-01,2016,9,39486.6519859,41906.3740102,39315.50834106666,39028.08917755,38644.37440945
SEAFOOD,2016-10,40272.056019,1959,31,63.193548387096776,2016-10-01,2016,10,39019.1399867,41423.9629634,39592.6159972,39181.187339833334,38548.382164083334
SEAFOOD,2016-11,35419.2409995,1692,30,56.4,2016-11-01,2016,11,40272.056019,38823.7610112,38236.81233506667,38414.62017563334,38264.672163108335
SEAFOOD,2016-12,32011.2480011,1118,31,36.064516129032256,2016-12-01,2016,12,35419.2409995,33728.2769727,35900.84833986667,37608.17834046667,38121.586415474994
SEAFOOD,2017-01,37421.7040731,1290,31,41.61290322580645,2017-01-01,2017,1,32011.2480011,39268.3209571,34950.73102456667,37271.67351088333,37967.70167514167
SEAFOOD,2017-02,33861.8139968,1304,28,46.57142857142857,2017-02-01,2017,2,37421.7040731,37064.8269518,34431.58869033333,36334.2005127,37700.783928891666
